2674 3932
181 213 223 276 74
587 211 779 270 IAMBLICHI

179 375 262 442 ἀλλὰ
279 383 325 464 τῷ
345 377 417 441 όντι
435 381 542 457 γελῶν
557 377 697 460 ένδηλος
713 379 910 460 γιγνόμενος
928 377 1083 463 ληρώδης
1101 378 1197 443 δοκελ
1206 396 1286 442 ειεΚ.

179 477 274 548 εἶναι.
318 482 488 568 τύραννόν
519 506 554 548 τε
590 484 653 569 γάρ
685 481 706 567 ἢ
738 481 876 567 βασιλέα
907 483 1193 569 ἐγκωμιαζόμενον

179 588 238 654 ἕνα
261 598 329 654 τῶν
347 587 479 674 νομέων
502 581 576 654 οἷον
599 591 754 674 συβώτην
772 589 793 675 ἢ
812 588 954 675 ποιμένα
976 592 997 674 ἦ
1020 613 1095 654 τινα
1114 593 1193 672 βον-
1325 584 1326 598 ’

178 698 280 761 κόλον
307 694 435 778 ἡγεῖται
467 695 602 761 ἀκούειν
630 695 945 780 εύδαιμονιζόμενον
973 699 1061 761 πολὺ
1092 697 1194 780 βδάλ-
1326 770 1327 786 χ

151 807 281 868 ελοντα
303 803 404 886 γάλα,
433 803 685 888 δυσκολώτερον
710 799 746 868 δὲ
775 802 912 869 ἐκείνων
935 806 1020 892 ζῷον
1042 801 1098 868 καὶ
1125 802 1193 868 έπι-
1320 797 1327 818 ’

179 911 382 991 βουλότερον
400 910 591 992 ποιμαίνειν
608 931 643 974 τε
661 905 716 973 καὶ
739 908 896 990 βδάλλειν
915 910 1040 992 νομίζει
1059 909 1192 993 αὐτούς,
1234 943 1236 948 ·
1327 968 1328 986 .

180 1015 340 1101 ἀγροῖκον
359 1010 396 1080 δὲ
418 1013 473 1079 καὶ
491 1014 693 1081 ἀπαίδευτον
711 1014 777 1080 ὑπὸ
796 1013 952 1099 ἀσχολίας
973 1011 1075 1081 οὐδέν
1092 1011 1193 1100 ἦττον
1207 1035 1272 1077 ωε.

179 1131 246 1186 τῶν
270 1119 400 1205 νομέων
418 1121 479 1186 τὸν
496 1129 652 1186 τοιοῦτον
671 1120 854 1204 ἀναγκαῖον
876 1123 1065 1206 γίγνεσθαι,
1089 1123 1193 1206 σηκὸν

179 1225 217 1291 έν
241 1228 311 1310 όρει
333 1229 371 1292 τὸ
393 1237 501 1312 τεῖχος
523 1225 815 1313 περιβεβλημένον.
856 1237 918 1313 γῆς
936 1224 973 1293 δέ
992 1227 1073 1293 ὅταν
1091 1231 1194 1314 μυρία

139 1355 166 1397 ιο
179 1331 310 1420 πλέθρα
337 1332 358 1416 ἢ
386 1335 434 1398 έτι
461 1336 563 1399 πλείω
591 1333 717 1420 ἀκούση
746 1333 791 1411 ὥς
817 1355 867 1410 τις
899 1334 964 1420 ἀρα
995 1332 1193 1419 κεκτημένος

179 1442 359 1524 θαυμαστά
380 1443 508 1524 πλήθει,
530 1438 697 1524 κέκτηται,
719 1439 909 1525 πάνσμικρα
932 1441 1023 1506 δοκεῖ
1046 1440 1192 1525 ἀκούειν,

180 1548 228 1624 είς
250 1547 381 1612 άπασαν
405 1548 534 1624 είωθδις
556 1548 617 1630 την
640 1557 704 1631 γην
728 1545 871 1631 βλέπειν.
917 1548 957 1611 τά
985 1543 1023 1612 δὲ
1046 1548 1087 1631 δη
1111 1545 1192 1631 γένη

179 1654 394 1738 ὑμνούντων,
417 1654 462 1731 ὡς
484 1656 639 1737 γενναῖός
660 1677 710 1731 τις
734 1652 813 1719 ἑπτά
835 1653 990 1731 πάππους
1011 1656 1194 1732 πλουσίους

180 1763 265 1845 έχων
293 1760 479 1845 ἀποφῆναι,
511 1761 721 1827 παντάπασιν
748 1759 858 1845 ἀμβλὺ
885 1756 940 1825 καὶ
968 1758 1021 1825 ἐπὶ
1052 1762 1194 1846 σμικρὸν
1318 1755 1330 1776 ’”

140 1887 166 1929 ιε
181 1866 339 1953 ὁρώντων
370 1866 497 1950 ἡγεῖται
528 1868 589 1932 τὸν
619 1868 774 1948 ἔπαινον,
806 1866 871 1931 ὑπὸ
904 1865 1120 1944 ἀπαιδευσίας
1153 1867 1194 1933 ού

181 1971 380 2057 δυναμένων
412 1973 459 2049 είς
488 1973 525 2037 τὸ
558 1981 625 2038 πᾶν
652 1970 703 2038 ἀεὶ
731 1971 865 2053 βλέπειν
895 1969 976 2038 οὐδὲ
1003 1976 1193 2057 λογίζεσθαι

181 2080 232 2144 ὅτι
254 2078 396 2144 πάππων
414 2075 470 2143 καὶ
491 2081 670 2163 προγόνων
688 2079 847 2164 μυριάδες
870 2075 996 2165 ἑκάστφ
1015 2080 1193 2161 γεγόνασιν

181 2185 415 2269 ἀναρίθμητοι,
439 2183 476 2249 έν
495 2175 548 2260 αἷς
569 2185 725 2249 πλούσιοι
747 2181 803 2249 καὶ
820 2182 945 2268 πτωχοὶ
967 2182 1023 2250 καὶ
1044 2187 1193 2268 βασιλεῖς
1206 2202 1284 2245 νοω.

180 2288 235 2357 καὶ
259 2292 375 2357 δοῦλοι
398 2289 566 2377 βάρβαροί
584 2313 620 2356 τε
642 2289 698 2356 καὶ
717 2289 877 2375 Ἕλληνες
899 2292 1056 2368 πολλάκις
1078 2294 1193 2377 μυρίοι

140 2421 167 2462 ω
181 2401 360 2483 γεγόνασιν
388 2397 534 2486 ὁτῳοῦν,
567 2395 638 2464 ἀλλ’
670 2396 724 2463 ἐπὶ
755 2396 853 2464 πέντε
879 2396 934 2464 καλ
962 2404 1065 2464 είκοσι
1094 2421 1193 2464 κατα-

181 2507 269 2592 λόγφ
297 2506 473 2587 προγόνων
500 2501 760 2588 σεμνυνομένων
789 2500 844 2569 καὶ
874 2503 1113 2590 ἀναφερόντων
1145 2507 1193 2582 είς

176 2608 340 2697 Ἡρακλέα
358 2611 418 2675 τὸν
432 2607 683 2695 Ἀμφιτρύωνος
700 2609 827 2693 <ἀτοπα
846 2609 934 2699 αύτῷ
953 2613 1195 2695 παταφαίνεται

181 2726 239 2800 τῆς
261 2719 511 2802 σμικρολογίας,
539 2715 590 2780 ότι
614 2712 651 2781 δὲ
674 2714 692 2780 ὁ
716 2709 771 2780 ἀπ’
795 2711 1064 2802 Ἀμφιτρύωνος)
1087 2719 1134 2794 είς
1156 2719 1193 2784 τὸ

181 2824 251 2888 ἀνω
280 2821 625 2906 <πεντεκαιεικοστὸς>
657 2830 809 2900 τοιοῦτος
836 2817 879 2906 ἦν
909 2823 963 2888 οἵα
995 2821 1194 2906 συνέβαινεν

141 2949 167 2991 ιε
182 2928 271 3016 αὐτῷ
300 2928 397 3012 τύχη,
430 2925 484 2992 καὶ
513 2927 530 2993 ὁ
557 2930 779 3012 πεντηκοστὸς
806 2924 861 2995 ἀπ’
892 2931 1010 3014 αὐτοῦ,
1043 2935 1124 3017 γελᾷ
1152 2929 1194 2996 ού

182 3034 379 3119 δυναμένων
393 3037 588 3118 λογίζεσθαί
600 3033 705 3099 τεκαὶ
719 3037 906 3120 χαυνότητα
925 3035 1070 3120 ἀνοήτου
1086 3044 1195 3120 ψυχῆς
1208 3054 1234 3094 ⁸⁸
1244 3053 1273 3094 ε.

182 3141 407 3208 ἀπαλλάττειν.
454 3140 491 3206 έν
523 3141 625 3206 άπασι
659 3140 700 3223 δη
732 3141 864 3218 τούτοις
895 3141 913 3206 ὁ
946 3150 1097 3219 τοιοῦτος
1128 3142 1193 3208 ὑπὸ

181 3260 248 3314 τῶν
275 3252 409 3314 πολλῶν
436 3251 669 3331 καταγελᾶται,
695 3248 736 3312 τὰ
763 3243 824 3330 μὲν
847 3247 1069 3332 ὑπερηφάνως
1097 3251 1193 3332 έχων,

271 3445 287 3492 3
310 3437 438 3526 σνβάτχν
461 3439 521 3493 PK:
535 3439 601 3525 ,τῶν
624 3437 756 3526 συβωτῶν
774 3439 784 3505 ΙΙ
804 3407 834 3490 ί1
859 3437 965 3506 πλήθει
987 3438 1047 3494 PA:
1071 3435 1166 3526 πλήθη
1185 3440 1195 3511 β

181 3509 373 3636 Ξὲρμχῆτῗβο
391 3529 484 3563 ατοπα
495 3539 527 3550 -
537 3514 742 3578 Αμφιτρνωνος
758 3517 786 3561 et
801 3513 836 3562 24
849 3527 1111 3573 πενιεκαιεικοστος
1125 3527 1159 3566 ex
1172 3511 1195 3566 P
