2670 3932
445 196 718 254 PROTREPTICUS
738 201 772 267 (ο.
786 197 872 267 XXI).
1105 199 1168 264 109

109 367 112 374 '
150 362 212 445 τήν
242 362 343 426 θείαν
369 361 568 447 θρησκείαν·
600 360 709 426 πάντα
737 361 801 447 γὰρ
830 359 986 447 ἀλλότρια
1013 360 1083 428 ἐστι
1114 357 1169 427 καί

152 465 311 545 ἐναντίως
333 469 417 550 πρὸς
440 466 546 551 αὐτήν
569 469 644 553 ἔχει.
689 467 727 531 τὸ
751 461 782 530 δ’
809 466 891 532 αὐτὸ
918 464 1079 552 καὶπρὸς
1102 466 1171 534 έπι-

58 591 98 634 1³5
108 589 136 631 A.
153 576 280 658 στήμην
303 574 428 658 μεγάλα
454 574 691 659 συμβάλλεται·
720 568 907 658 οὐδὲνγὰρ
931 573 985 639 δεῖ
1004 575 1087 657 πρὸς
1108 575 1171 658 τήν

151 680 252 745 θείαν
276 679 459 764 ἐπιστήμην
481 677 686 766 προσφέρειν
708 687 880 762 τοιοῦτον,
904 669 977 744 οἷόν
1000 678 1090 744 ἐστιν
1114 678 1171 744 ἄν·

152 785 328 871 θρύπιυον
360 787 526 871 διανόημα
554 785 574 870 ή
602 789 758 870 βιωτικῆς
787 785 970 870 φροντίδος
1002 784 1199 870 ἐχόμενονσ

154 890 255 958 οὐδέν
274 888 337 959 οὗν
352 893 433 958 ἄλλο
447 891 703 978 παρακελεύεται
722 889 759 957 ἐν
777 891 908 967 τούτοις
924 890 944 976 ή
958 893 1037 967 τοὺς
1051 893 1173 974 λόγους

153 1002 231 1076 τοὺς
259 1000 370 1084 ίεροὺς
400 996 457 1064 καί
487 999 545 1076 τοῖς
577 1001 673 1075 θείας
703 996 837 1083 προέξεις
868 997 913 1082 μή
946 998 1172 1082 συμμιγνύναι

152 1115 223 1182 τοῖς
247 1104 475 1190 ἀνθρωπίνοις
499 1105 652 1182 ἀστύτοις
674 1106 782 1189 ήθεσι.

109 1215 134 1291 β’
247 1212 362 1299 Τούτῳ
397 1209 434 1278 δὲ
466 1213 621 1299 συνφδύν
653 1210 724 1278 ἐστι
754 1207 810 1276 καὶ
842 1211 879 1276 τὸ
908 1208 981 1296 ἑξῆς
1007 1211 1045 1276 τὸ
1076 1210 1173 1277 ὁδοῦ

153 1317 352 1403 πύρεργον
385 1317 456 1386 οὐκ
488 1316 662 1384 είσιτέον
694 1319 750 1395 είς
782 1318 892 1403 ἱερὸν
924 1314 1018 1384 οὐδὲ
1044 1333 1173 1410 ,προσ-
1188 1337 1214 1377 10

153 1423 349 1510 κυνητέον
372 1426 620 1510 τοπαράπαν,
644 1421 728 1490 οὐδ’
755 1426 791 1490 εί
810 1425 907 1509 πρὸς
925 1433 1010 1501 ταῖς
1029 1424 1175 1509 θύραις

155 1530 294 1607 αὐταῖς
321 1532 473 1616 παριὼν
500 1529 645 1614 γένοιο.
691 1532 723 1595 εί
752 1531 816 1614 γὰρ
849 1529 953 1616 δμοίφ
985 1531 1023 1594 τὸ
1056 1531 1174 1615 ὅμοιον

156 1639 257 1720 φίλον
279 1634 317 1701 τέ
338 1635 407 1701 ἐστι
429 1634 486 1701 καὶ
508 1639 736 1723 προσήγορον,
761 1636 866 1719 δήλου
889 1634 940 1700 ὅτι
962 1632 1018 1700 καί
1040 1633 1175 1720 ἄρχηγι-

156 1744 307 1826 κωτύτην
341 1741 460 1808 οὐσίαν
493 1741 637 1827 ἐχόντων
669 1751 737 1806 τῶν
773 1748 865 1808 θεῶν
902 1741 939 1807 έν
971 1751 1041 1818 τοῖς
1073 1742 1174 1825 ὅλοις,

68 1866 143 1907 ³22³-
157 1846 416 1935 προηγουμένην
439 1848 550 1915 αὐτῶν
574 1849 627 1915 δεῖ
646 1853 818 1915 ποιεῖσθαι
840 1849 902 1932 τήν
924 1849 1122 1933 θεραπείαν·
1146 1850 1178 1913 εί
1190 1867 1215 1907 15

158 1953 188 2020 δ’
211 1957 316 2022 ἄλλον
338 1979 389 2033 τις
411 1953 508 2022 ἕνεκα
530 1955 636 2040 αὐτήν
659 1966 799 2039 ποιοῖτο,
824 1955 983 2042 δεύτερον
1002 1955 1089 2021 ούτω
1112 1958 1174 2039 θή-

158 2081 249 2129 σεται
280 2064 318 2127 τὸ
347 2062 483 2128 πάντων
514 2063 770 2148 προηγούμενον
796 2058 852 2128 καί
882 2060 1081 2147 ἀναστρέψει
1113 2063 1176 2146 τήν

158 2169 241 2253 ὅλην
268 2168 362 2248 τάξιν
389 2178 446 2252 τῆς
470 2169 548 2251 ὅλης
570 2171 751 2254 θεραπείας
778 2192 814 2234 τε
841 2167 896 2234 καὶ
919 2169 1082 2251 γνώσεως.
1129 2171 1176 2233 ἔτι

159 2275 223 2359 γὰρ
251 2275 291 2338 τὰ
318 2277 409 2358 τίμια
436 2273 549 2357 ἀγαθὰ
577 2274 618 2339 ού
642 2275 696 2339 δεῖ
714 2285 782 2339 τῶν
811 2274 1038 2359 ἀνθρωπίνων
1063 2277 1176 2361 χρησί-

159 2404 232 2465 μων
260 2379 297 2445 έν
324 2377 447 2467 ὑστέρη
474 2381 575 2467 μοίρᾳ
602 2380 775 2462 τίθεσθαι,
802 2376 883 2444 οὐδὲ
911 2379 947 2444 έν
975 2379 1091 2456 τέλους
1116 2377 1177 2463 μέν
1191 2397 1218 2438 2⁰

159 2485 248 2565 τύξει
275 2487 315 2552 τδι
341 2484 497 2574 ήμέιερα,
531 2485 568 2551 έν
595 2488 791 2572 προσθήκης
818 2482 856 2551 δὲ
883 2484 975 2571 μέρει
1006 2487 1046 2550 τὰ
1073 2489 1177 2572 κρείτ-

159 2616 242 2660 τονα
265 2593 342 2659 ούτε
365 2595 446 2679 ἔργα
469 2593 546 2659 οὔτε
569 2594 784 2677 διανοήματα.

69 2715 145 2759 ιισΔ.
244 2695 291 2764 Ἡ
319 2695 349 2766 δ’
381 2700 433 2766 ἐπὶ
461 2702 499 2766 τὸ
528 2701 609 2767 αὐτὸ
636 2700 807 2786 προτροπή
835 2698 890 2765 καὶ
918 2699 981 2766 ιἰπὸ
1013 2709 1074 2766 τοῦ
1106 2699 1178 2783 έξής

118 2808 141 2881 γ’
161 2804 292 2889 γένοιτο
326 2807 382 2871 ἄν·
414 2809 451 2872 τὸ
484 2809 547 2894 γὰρ
580 2806 828 2891 ἀνυπόδητος
859 2813 932 2873 θῦε
963 2805 1028 2874 καὶ
1059 2825 1178 2894 προσ-

162 2912 274 2976 κύνει
302 2912 339 2976 ἓν
367 2909 428 2995 μέν
456 2916 610 2995 σημαίνει
633 2914 670 2978 τὸ
695 2913 767 2979 δεῖν
789 2916 935 2998 κοσμίως
960 2912 1016 2979 καὶ
1039 2917 1179 2999 μετρίως
1193 2929 1218 2970 2⁵

162 3015 218 3082 καὶ
241 3018 285 3101 μή
309 3015 530 3102 ὑπερέχοντας
552 3027 611 3101 τῆς
633 3017 671 3083 έν
693 3027 732 3104 τῇ
758 3027 801 3104 γή
824 3018 944 3097 τάξεως
969 3022 1049 3096 τοὺς
1077 3024 1180 3098 θεοὺς

162 3123 366 3206 θεραπεύειν
397 3121 453 3188 καὶ
485 3123 546 3206 τήν
577 3119 661 3209 ὑπὲρ
693 3123 804 3189 αὐτῶν
840 3134 966 3207 γνῶσιν
998 3132 1179 3208 ποιεῖσθαι,

163 3229 278 3315 ἕτερον
306 3226 344 3295 δὲ
371 3231 408 3295 τὸ
437 3230 509 3295 δεῖν
543 3231 675 3314 δεσμῶν
706 3228 807 3318 χωρὶς
837 3229 893 3297 καὶ
925 3232 1066 3299 εύλυτον
1099 3235 1179 3299 ὄντα

74 3352 149 3394 ουκ.
164 3337 224 3419 τήν
242 3339 428 3430 θεραπείαν
446 3333 501 3401 καὶ
519 3347 647 3418 γνῶσιν
664 3346 732 3402 τῶν
750 3342 841 3402 θεῶν
859 3346 1039 3405 ποιεῖσθαι.
1076 3347 1180 3405 ταῦτα

166 3439 202 3506 δέ
231 3442 292 3507 οὐκ
320 3440 374 3508 ἐπὶ
400 3452 461 3508 τοῦ
488 3443 638 3529 σώματος
666 3446 772 3529 μόνου
795 3445 1013 3531 παραγγέλλει
1037 3447 1074 3513 τὸ
1098 3448 1180 3532 σύμ·
1195 3466 1221 3505 ³0

167 3551 379 3560 ——-—----.-.-—-

257 3588 288 3635 17
308 3579 463 3652 ἀνατρέψει
481 3583 539 3638 ΔΚ.
