2670 3932
442 231 716 288 PROTREPTICUS
735 235 769 301 (ο.
784 231 854 302 XX).
1094 232 1156 297 103

140 392 213 460 ἀλλ’
241 394 303 460 οὐκ
325 397 443 480 ἐργυν,
465 395 507 458 τά
528 416 563 459 τε
585 396 736 479 χρηματα
759 387 803 460 δι’
827 392 983 459 ἀπιστίαν
1006 391 1061 460 καὶ
1084 394 1157 479 ἀμι-

141 499 215 579 ξίαν
238 499 568 586 ἀποθησαυρίζουσιν
588 496 661 565 ἀλλ’
683 499 724 566 οὐ
747 507 950 582 κοινοῦνται,
973 497 1029 565 καὶ
1052 501 1157 578 οὕτως

141 607 264 673 σπάνια
287 609 446 692 γίγνεται,
470 606 529 672 ἐάν
552 604 608 672 καί
631 607 737 672 πολλά
759 597 790 691 η’.

228 713 277 779 Αἵ
287 735 322 780 τε
336 715 433 799 τύχαι
447 713 484 780 αι’
500 717 649 798 φλαῦραι
666 710 722 777 καὶ
740 713 778 777 αί
793 710 920 795 ἀγαθαὶ
938 713 985 789 είς
999 711 1156 778 τάναντία

139 818 375 905 ὑπηρετοῦσιν
401 820 423 904 ἀ
445 843 481 885 τε
503 821 567 905 γάρ
590 819 726 904 εὐτυχία
749 819 811 884 ούκ
833 816 985 902 ἀσφαλής
1006 817 1097 884 ἐστιν
1120 818 1184 884 eva

50 941 125 984 ινα.
138 934 178 1010 τῇ
198 925 320 1013 ἀνομία
339 923 410 992 ἀλλ’
434 925 693 1010 ἐπιβουλεύεται,
716 926 737 1008 ἥ
755 947 790 989 τε
810 926 970 1009 δυστυχία
990 923 1051 990 οὐκ
1069 924 1157 990 ἀπω-

137 1039 249 1098 θεῖται
272 1031 356 1097 ἀλλά
378 1033 576 1117 κρατύνεται
600 1033 655 1096 διά
677 1031 740 1114 την
760 1029 916 1096 ἀπιστίαν
937 1029 993 1096 καλ
1016 1030 1156 1116 ἀμιξίαν.

220 1136 259 1203 “0
276 1160 312 1203 τε
325 1139 468 1221 πόλεμος
487 1136 613 1216 ἔξωθεν
627 1141 754 1221 μᾶλλον
771 1135 926 1219 ἐπάγεται
942 1134 998 1202 καλ
1016 1137 1037 1220 η
1052 1138 1157 1203 οἰκεία

138 1246 253 1322 στάσις
285 1243 349 1314 ἀπὸ
380 1252 439 1328 τῆς
470 1244 571 1329 αὐτῆς
604 1245 724 1327 αίτίας,
757 1241 813 1308 καί
846 1243 904 1309 ἐάν
932 1245 977 1328 μη
1004 1246 1156 1329 πρόσθεν

138 1354 307 1435 γίγνηται,
335 1353 409 1416 τότε
437 1353 626 1435 συμβαίνει·
657 1352 694 1415 ἐν
720 1372 756 1414 τε
783 1350 952 1435 πράγμασι
979 1353 1197 1435 συμβαίνειν)

47 1473 122 1515 3021(-
136 1457 342 1523 καθεστάναι
373 1455 426 1522 ἀεί
455 1457 512 1521 διά
544 1456 723 1540 ἐπιβουλάς
753 1457 811 1532 τάς
843 1455 877 1535 ἐξ
906 1455 1075 1540 ἀλλήλων,
1108 1451 1152 1520 δι’

137 1563 242 1648 ἀσπερ
260 1560 529 1646 εὐλαβουμένους
546 1583 583 1626 τε
603 1562 767 1626 διατελεῖν
785 1559 841 1626 καὶ
860 1561 1155 1644 ἀντεπιβουλεύον-

137 1691 195 1745 τας
218 1668 382 1752 ἀλλήλοις.

4 1775 5 1780 ’
226 1772 294 1840 Καὶ
317 1773 394 1839 ούτε
417 1772 637 1858 ἐγρηγορόσιν
655 1773 770 1856 ἡδείας
790 1774 849 1850 τάς
867 1773 1051 1858 φροντίδας
1069 1765 1156 1837 εἶναι

137 1881 214 1947 ούτε
238 1880 272 1959 ἐς
294 1882 354 1946 τὸν
377 1879 486 1945 ὕπνον
509 1875 747 1964 ἀπερχομένοις
767 1878 884 1963 ἡδεῖαν
902 1879 965 1962 την
982 1877 1155 1963 ὑποδοχὴν
1171 1898 1196 1938 ιε

137 1986 221 2052 ἀλλά
238 1987 445 2072 ένδείματον,
463 1987 525 2069 την
544 2008 579 2051 τε
599 1984 774 2071 ἀνέγερσιν
793 1989 944 2072 ἔμφοβον
962 1983 1018 2051 καὶ
1035 1993 1155 2051 πτοού-

137 2110 201 2158 σαν
232 2096 292 2160 τὸν
324 2095 509 2178 ἀνθρωπον
546 2091 599 2158 ἐπὶ
635 2096 765 2178 μνήμας
796 2103 909 2159 κακῶν
944 2091 1156 2170 ἐξαπιναίους

137 2199 245 2282 ἀγειν·
269 2201 351 2284 άπερ
371 2200 406 2264 ἐκ
424 2208 482 2282 τῆς
499 2197 639 2282 ἀνομίας
657 2199 760 2263 ταῦτά
777 2222 813 2264 τε
835 2197 890 2264 καὶ
908 2201 949 2263 τά
970 2201 1054 2265 ἀλλα
1071 2201 1155 2264 κακά

137 2306 177 2368 τά
200 2302 425 2389 προειρημένα
447 2303 577 2368 ἀπαυτα
600 2302 784 2386 ἀποβαίνει.

226 2412 360 2476 Γίνεται
390 2405 428 2474 δὲ
455 2406 511 2474 καὶ
537 2407 558 2491 ἡ
586 2411 760 2493 τυραννίς,
792 2410 896 2475 κακὸν
926 2413 1089 2474 τοσοῦτόν
1119 2433 1155 2476 τε
1169 2429 1195 2469 εο

136 2514 191 2582 καὶ
214 2524 381 2599 τοιοῦτον,
406 2516 468 2582 ούκ
490 2514 524 2593 ἐξ
547 2515 651 2581 ἀλλον
674 2516 765 2592 τινὸς
787 2513 809 2598 ἢ
832 2514 980 2599 ἀνομίας.
1027 2521 1155 2582 οίονται

41 2667 44 2676 .
115 2615 118 2624 ’
137 2622 177 2688 δέ
193 2647 280 2701 τινες
298 2633 366 2688 τῶν
385 2622 587 2708 ἀνθρώπων,
610 2622 684 2688 ὅσοι
703 2621 747 2705 μη
767 2621 880 2704 ὀρθῶς
897 2621 1154 2707 συμβάλλονται,

136 2730 305 2814 τύραννον
334 2727 367 2806 ἐξ
395 2729 500 2794 ἀλλον
526 2729 617 2805 τινὸς
645 2729 873 2792 καθίστασθαι
904 2725 960 2792 καὶ
991 2731 1070 2807 τοὺς
1097 2729 1155 2795 ἀν-

136 2835 297 2916 θρώπους
320 2837 553 2919 στερίσκεσθαι
578 2841 635 2919 της
658 2823 852 2919 ἐλευθερίας
876 2834 938 2900 οὐκ
960 2835 1082 2913 αύτούς
1105 2838 1154 2901 αί-

136 2941 229 3015 τίους
253 2940 362 3023 ὄντας,
387 2938 470 3004 ἀλλά
493 2938 695 3022 βιασθέντας
716 2940 782 3005 ὑπὸ
805 2950 867 3005 τοῦ
889 2941 1155 3019 κατασταθέντος
1169 2960 1195 3000 25

136 3046 322 3131 τυράννου,
356 3045 418 3110 ούκ
448 3045 560 3130 ὀρθῶς
591 3054 694 3111 ταῦτα
722 3048 940 3130 λογιζόμενοι·
974 3047 1064 3124 ὅστις
1091 3051 1154 3132 γάρ

49 3170 124 3211 128A·
137 3151 265 3237 ηγείται
288 3149 426 3236 βασιλέα
448 3150 470 3236 ἢ
492 3152 661 3236 τύραννον
684 3149 717 3230 ἐξ
741 3153 846 3218 ἀλλον
867 3152 960 3230 τινὸς
977 3155 1155 3236 γίγνεσθαι

9 3249 10 3260 ’
136 3259 157 3342 ἢ
181 3258 214 3339 ἐξ
238 3258 378 3344 ἀνομίας
396 3281 431 3324 τε
449 3256 505 3324 καὶ
523 3256 724 3341 πλεονεξίας,
748 3260 859 3345 μορύς
882 3258 982 3324 ἐστιν.
1019 3259 1154 3326 ἐπειδάν

49 3383 123 3423 ιοιΚ.
136 3367 200 3448 γάρ
216 3366 357 3442 άπαντες
371 3363 425 3430 ἐπὶ
437 3365 556 3430 κακίαν
569 3365 769 3450 τράπωνται,
788 3367 863 3430 τότε
879 3372 978 3430 τοῦτο
993 3368 1152 3449 γίγνεται·

180 3589 187 3608 t
228 3529 261 3579 10
271 3540 310 3591 sq.
329 3519 473 3593 πράγμασι
492 3523 521 3578 et
539 3517 718 3578 καθεστάναι
736 3521 836 3578 Cobet:
860 3519 1004 3593 πράγματι
1024 3526 1052 3578 et
1070 3527 1153 3579 καθι-
1213 3589 1221 3602 ,

137 3609 245 3649 σταναι.
