2670 3932
447 224 717 281 PROTREPTICUS
737 229 771 296 (ε.
787 227 870 297 m).
1122 227 1162 292 91

149 387 253 473 (ἀλλφ
275 389 339 471 γὰρ
363 386 380 452 ὁ
404 394 555 464 τοιοῦτος
580 393 718 453 πλουτεῖ
743 386 797 453 καὶ
821 387 895 472 οὐχὶ
924 387 1059 477 ἑαυτῷ),
1088 390 1163 454 οὐτε

148 492 301 576 σώματος
330 492 451 570 κάλλος
482 491 535 570 καί
576 495 669 577 ίσχδς
706 495 804 581 δειλῷ
837 492 892 559 καὶ
929 502 1017 582 κακῷ
1055 494 1163 572 ξυνοι·

147 607 271 664 κοῦντα
293 597 462 683 πρέποντα
485 601 640 682 φαίνεται
663 593 735 664 ἀλλ’
761 599 906 686 ἀπρεπῆ,
928 598 984 665 καὶ
1007 598 1163 685 ἐπιφανέ-

67 711 72 718 “
147 720 266 790 στερον
297 715 388 771 ποιεί
416 705 476 769 τὸν
507 705 624 788 ἔχοντα
655 702 712 768 καὶ
743 703 894 789 ἐκφαίνει
925 706 986 788 τήν
1021 706 1162 771 δειλίαν·

145 812 235 876 πᾶσά
266 833 302 875 τε
335 808 495 894 ἐπιστήμη
531 807 734 895 χωριζομένη
768 810 983 894 δικαιοσύνης
1018 810 1074 876 καὶ
1105 821 1189 896 τήςε

146 918 248 1000 ἀλλης
262 916 379 1001 ἀρετῆς
396 919 595 1001 πανουργία,
616 916 657 981 οὐ
677 918 779 1001 σοφία
799 920 961 1000 φαίνεται.
999 913 1047 983 ὧν
1066 917 1162 983 ἕνεκα

145 1034 278 1107 πρῶτον
312 1020 368 1087 καὶ
394 1023 538 1087 ύστατον
567 1019 622 1087 καὶ
652 1023 708 1087 διὰ
733 1025 858 1099 παντὸς
889 1032 999 1089 πᾶσαν
1030 1025 1162 1102 πύντως

144 1131 343 1214 προθυμίαν
374 1135 555 1213 πειρᾶσθαι
587 1130 641 1194 δεί
670 1131 772 1213 ἔχειν,
808 1130 897 1206 ὅπως
928 1131 1068 1213 μάλιστα
1100 1127 1161 1215 μέν

144 1234 383 1321 ὑπερβαλείταί
410 1258 460 1312 τις
495 1238 574 1312 τοὺς
610 1237 762 1320 πρόσθεν
793 1239 982 1321 προγόνους
1016 1237 1161 1323 εὐκλείᾳ·

57 1363 95 1402 111
104 1359 131 1402 A.
147 1343 178 1404 εί
199 1337 235 1405 δέ
259 1343 315 1425 μή,
340 1340 429 1417 ὅπως
454 1342 501 1417 είς
523 1347 599 1406 ίσον
623 1341 736 1420 αὐτοῖς
762 1346 949 1428 καταστήσῃ
972 1344 1033 1426 τήν
1057 1343 1161 1409 αὑτοῦ
1176 1365 1203 1404 ιο

143 1447 412 1531 καλοκάγαθίαν·
435 1446 456 1528 ἡ
475 1441 537 1530 μὲν
555 1447 619 1531 γὰρ
638 1447 675 1512 ἐν
693 1448 825 1525 τούτοις
842 1451 919 1532 νίκη
937 1448 1036 1532 τιμήν
1054 1447 1160 1534 φέρει,

143 1553 164 1634 ή
188 1550 225 1617 δὲ
248 1548 338 1636 ήττα,
362 1552 422 1618 ἐὰν
444 1551 583 1635 ἡττᾶταί
601 1577 668 1636 τις,
692 1555 864 1638 αἰσχύνην.
906 1554 1047 1637 μάλιστα
1066 1549 1097 1618 δ’
1118 1554 1161 1620 ἀν

51 1679 129 1720 εεεκ.
143 1657 291 1742 νικήσειέ
319 1683 369 1736 τις
401 1657 438 1724 ἐν
465 1659 612 1741 τούτοις,
645 1660 677 1723 εί
702 1659 989 1746 παρασκευάσαιτο
1021 1667 1061 1744 τή
1093 1672 1160 1725 τῶν

143 1767 320 1849 προγόνων
358 1764 438 1850 δόξη
476 1766 519 1849 μή
556 1767 829 1849 καταχρήσασθαι
869 1761 952 1850 μηδέ
990 1764 1160 1830 ἀναλῶσαι
1234 1835 1237 1843 ,

143 1870 248 1955 αὐτήν
271 1872 388 1955 μάτην,
412 1876 520 1948 καλῶς
539 1871 635 1947 είδὼς
658 1871 709 1936 ὅτι
733 1868 832 1955 ἀνδρὶ
856 1869 999 1959 οίομένφ
1023 1894 1055 1935 τι
1074 1866 1160 1936 εἶναι
1175 1893 1199 1932 15

8 2047 12 2055 ,
143 1979 204 2043 οὐκ
232 1980 323 2043 ἐστιν
352 1983 483 2062 αἴσχιον
510 1977 531 2062 ή
559 1975 715 2064 παρέχειν
747 1976 867 2043 ἑαυτὸν
899 1977 1087 2061 τιμώμενον
1115 1979 1158 2062 μή

143 2082 187 2146 δι’
214 2083 344 2166 ἑαυτόν,
369 2083 453 2148 ἀλλὰ
476 2085 532 2148 διὰ
555 2083 657 2162 δόξαν
679 2086 865 2171 προγόνων.
908 2079 994 2149 εἶναι
1015 2082 1159 2169 μὲνγὰρ

142 2189 237 2271 τιμὰς
268 2187 397 2271 γονέων
430 2187 580 2272 ἐκγόνοις
608 2191 709 2267 καλὸς
735 2191 908 2276 θησαυρὸς
934 2188 990 2255 καὶ
1021 2191 1159 2274 μεγαλο-

142 2296 282 2378 πρεπής·
300 2301 446 2379 χρῆσθαι
467 2291 503 2359 δέ
522 2292 577 2360 καί
594 2296 771 2380 χρημάτων
789 2293 845 2360 καὶ
863 2306 967 2380 τιμῶν
983 2303 1158 2384 θησαυρῷ,

141 2398 197 2465 καὶ
221 2401 265 2485 μή
289 2411 359 2478 τοῖς
382 2399 532 2484 ἐκγόνοις
554 2402 788 2487 παραδιδόναι,
814 2403 954 2486 αίσχρὸν
976 2400 1032 2467 καὶ
1055 2403 1156 2466 ἀναν-
1171 2422 1197 2462 νο
1222 2387 1229 2402 ’

143 2508 237 2592 δρου,
262 2506 385 2595 ἀπορία
409 2510 507 2574 ίδίων
527 2508 632 2574 αὐτοῦ
654 2510 828 2594 κτημάτων
851 2532 886 2574 τε
908 2506 964 2573 καὶ
987 2505 1157 2584 εὐδοξιῶν.

141 2611 200 2698 ἀφ’
228 2613 356 2680 ἑαυτῶν
387 2616 451 2699 γὰρ
479 2615 641 2699 ἀρχεσθαι
673 2616 728 2679 δεῖ
756 2615 891 2680 πάντων
922 2624 990 2677 τῶν
1018 2613 1157 2696 ἀγαθῶν

141 2718 197 2784 καὶ
237 2732 304 2786 τῶν
341 2723 388 2798 είς
430 2721 582 2786 εὐκλείαν
618 2718 674 2787 καὶ
715 2721 933 2806 εὐδαιμονίαν
975 2721 1157 2805 φερόντων.

142 2825 244 2889 πύλαι
264 2827 327 2909 γὰρ
348 2825 388 2908 δή
407 2827 445 2890 τὸ
463 2823 603 2910 Μηδὲν
622 2828 723 2909 ἀγαν
742 2830 922 2911 λεγόμενον
941 2832 1048 2903 καλῶς
1067 2827 1161 2891 δοκεῖ

144 2928 315 3012 λέγεσθαι·
347 2937 392 3018 τῷ
424 2931 488 3015 γὰρ
517 2932 589 2996 όντι
616 2927 654 2996 εὐ
682 2930 819 3015 λέγεται.
866 2933 930 3020 δτφ
963 2933 1027 3016 γάρ
1058 2930 1158 3019 ἀνδρὶ
1172 2951 1197 2992 ιι

144 3037 191 3112 είς
228 3033 348 3100 ἑαυτὸν
385 3034 564 3119 ἀνήρτηται
601 3039 708 3104 πύντα
743 3038 784 3103 τδι
819 3039 903 3123 πρὸς
939 3037 1157 3121 εὐδαιμονίαν

232 3251 275 3300 24.
293 3264 321 3315 p.
336 3249 379 3314 92,
395 3249 429 3297 10
447 3241 520 3298 plat.
540 3243 646 3301 Menex.
665 3266 692 3317 p.
707 3247 882 3306 mle-248
894 3247 923 3299 B.

231 3443 247 3492 2
266 3439 345 3505 κακῷ
365 3435 424 3494 PA:
443 3441 519 3494 καλῶ
534 3442 573 3510 Ιήλ
593 3438 747 3504 διαπαντὸς
760 3445 770 3512 ΙΙ
785 3449 818 3497 15
837 3442 866 3496 τί
877 3443 886 3512 ss
903 3445 935 3495 18
953 3437 1035 3510 τιμὰς
1049 3439 1156 3509 γονέων

142 3505 271 3578 ἐκγόνοις
288 3509 349 3565 PK:
372 3505 447 3580 ἡμᾶς
469 3512 579 3580 γονέων
603 3506 735 3580 ἐγγόνους
752 3514 761 3582 ΙΙ
779 3519 812 3568 21
833 3508 939 3584 ἀπορίᾳ
964 3509 1043 3566 ίδίων
1066 3507 1155 3566 αὐτοῦ

142 3578 203 3633 PK:
222 3574 328 3650 ἀπορεῖ
342 3577 373 3635 δέ
394 3579 491 3636 αὐτοῦ.
