2674 3932
196 209 240 273 46
609 208 799 265 IAMBLICHI

195 373 308 437 εὕδειν
335 373 473 456 ἥδιστον
501 369 562 457 μὲν
590 372 651 457 οὐχ
675 373 807 457 αἱρετὸν
833 371 885 456 δέ,
913 371 976 438 κδλν
1004 372 1214 456 ὑποθώμεθα

194 480 301 556 παίσας
323 481 369 566 τῷ
392 480 595 545 καθεύδοντι
618 479 789 565 παρούσας
819 480 875 556 τὰς
896 478 1036 562 ἡδονάς,
1065 479 1152 544 διότι
1174 481 1215 544 τὰ

195 581 256 669 μὲν
275 581 354 650 καθ’
377 584 485 650 ύπνον
504 584 721 669 φαντάσματα
740 586 859 667 ψεύδη,
878 585 919 648 τδι
938 577 970 647 δ’
992 582 1212 668 ἐγρηγορόσιν
1227 606 1266 644 130
1276 605 1306 646 K.

194 690 314 776 ἀληθῆ.
352 689 505 777 διαφέρει
526 692 590 776 γὰρ
615 687 729 756 οὐδενί
752 700 820 755 τῶν
838 691 949 756 ἄλλων
971 690 1008 755 τὸ
1031 691 1213 755 καθεύδειν

167 795 250 862 εκαὶ
272 799 310 863 τὸ
334 794 551 883 ἐγρηγορέναι
574 797 661 879 πλὴν
681 804 727 883 τῷ
750 797 813 886 τὴν
831 797 943 880 ψυχὴν
962 799 1036 861 τότε
1054 792 1116 879 μὲν
1133 801 1213 863 πολ-
1257 827 1259 831 ·
1329 811 1334 836 ⁴

194 904 286 981 λύκις
309 903 506 987 ἀληθεύειν,
533 904 762 978 καθεύδοντος
789 898 827 967 δὲ
854 900 905 967 ἀεὶ
929 903 1143 980 διεψεῦσθαι·
1172 905 1211 968 τὸ

192 1010 256 1095 γὰρ
280 1020 348 1074 τῶν
371 1009 541 1077 ἐνυπνίων
563 1011 704 1075 είδωλόν
728 1008 797 1075 ἐστι
820 1007 876 1074 καὶ
898 1010 1023 1088 ψεῦδος
1045 1009 1142 1073 ἅπαν.

282 1114 349 1180 Καὶ
376 1116 414 1180 τό
447 1116 586 1200 φεύγειν
615 1112 652 1180 δὲ
683 1116 744 1180 τὸν
775 1115 927 1180 θάνατον
954 1117 1034 1191 τοὺς
1065 1117 1212 1192 πολλοὺς

194 1222 345 1287 δείκνυσι
371 1223 433 1305 τὴν
461 1221 686 1306 φιλομάθειαν
713 1230 771 1305 τῆς
799 1229 914 1306 ψυχῆς.
962 1222 1079 1306 φεύγει
1101 1221 1211 1307 γδρδ

154 1351 179 1390 ιο
192 1328 237 1411 μὴ
265 1327 457 1410 γιγνώσκει,
487 1328 525 1391 τὸ
552 1328 717 1404 σκοτῶδες
744 1325 800 1392 καὶ
826 1328 932 1413 τὸμὴ
961 1329 1081 1411 δῆλον,
1109 1329 1211 1410 φύσει
1225 1348 1290 1388 m.

133 1445 140 1460 '
193 1430 230 1499 δὲ
249 1435 361 1500 διώκει
379 1435 417 1499 τὸ
432 1434 581 1518 φανερὸν
596 1432 651 1499 καὶ
669 1435 706 1500 τὸ
726 1437 887 1518 γνωστόν.
925 1435 978 1500 διὸ
998 1433 1053 1500 καὶ
1067 1434 1210 1518 μάλιστα

191 1543 270 1618 τούς
298 1542 424 1618 αἰτίους
452 1540 533 1625 ἡμῖν
562 1549 623 1607 τοῦ
649 1541 710 1606 τὸν
736 1541 833 1624 ἣλιον
862 1541 948 1606 ίδεῑν
975 1538 1030 1606 καλ
1059 1541 1096 1605 τὸ
1125 1550 1209 1624 φῶς,

192 1647 314 1726 αὐτούς
337 1671 448 1733 φαμεν
468 1648 540 1712 δεῖν
557 1655 656 1733 τιμᾶν
674 1647 951 1734 ὑπερβαλλόντως
973 1645 1029 1712 καὶ
1047 1644 1210 1729 σέβεσθαι

191 1754 316 1841 πατέρα
335 1751 533 1840 καὶμητέρα
552 1754 597 1830 ὡς
615 1757 779 1838 μεγίστων
793 1753 933 1837 ἀγαθῶν
948 1755 1086 1831 αἰτίους·
1106 1759 1208 1820 αίτιοι
1320 1755 1334 1782 ·⁴

152 1881 177 1922 ω
192 1860 232 1926 δέ
252 1864 357 1944 εἰσιν,
374 1862 418 1938 ὡς
437 1855 534 1942 ἔοικε,
557 1869 618 1926 τοῦ
641 1863 813 1946 φρονῆσαί
826 1882 859 1924 τι
877 1858 932 1925 καὶ
956 1861 1050 1925 ίδεῖν.
1091 1861 1147 1924 διδι
1168 1860 1206 1924 τὸ
1333 1921 1334 1951 ,

191 1967 272 2032 αὐτὸ
297 1963 334 2031 δὲ
356 1975 456 2033 τοῦτο
479 1964 536 2031 καὶ
558 1968 718 2051 χαίρομεν
741 1975 810 2042 τοῖς
832 1968 999 2050 σννηθεσι
1025 1965 1080 2032 καὶ
1103 1966 1207 2053 πρύγ-

190 2088 271 2156 μασι
302 2069 358 2136 καί
387 2072 595 2158 ἀνθρώποις,
627 2070 683 2136 καὶ
716 2075 838 2156 φίλους
868 2073 1008 2150 τούτους
1039 2077 1207 2157 καλοῦμεν

189 2180 268 2256 τούς
303 2181 502 2264 γνωρίμους.
555 2180 655 2262 δηλοῖ
690 2173 752 2244 οὐν
788 2187 892 2244 ταῦτα
929 2190 1044 2264 σαφῶς
1080 2179 1132 2244 ὅτι
1167 2181 1206 2245 τὸ
1331 2267 1332 2270 ¹

188 2286 342 2368 γνωστὸν
368 2282 423 2350 καὶ
452 2285 533 2370 <τὸ>
566 2287 716 2372 φανερὸν
746 2283 803 2351 καὶ
831 2287 869 2351 τὸ
903 2287 1007 2371 δῆλον
1034 2285 1206 2370 ἀγαπητόν
1331 2309 1332 2372 3

149 2414 176 2454 εο
190 2391 294 2458 ἐστιν·
318 2395 350 2458 εί
371 2389 408 2458 δὲ
431 2395 469 2458 τὸ
492 2395 644 2478 γνωστὸν
667 2390 783 2458 καὶτὸ
807 2390 922 2478 σαφές,
948 2394 1052 2477 δῆλον
1076 2393 1126 2458 ὅτι
1149 2392 1205 2457 καί
1331 2380 1332 2409 ¹

189 2500 226 2564 τὸ
249 2500 448 2583 γιγνώσκειν
471 2499 654 2583 ἀναγκαίου
677 2497 794 2564 καὶτὸ
818 2509 959 2584 φρονεῖν
983 2499 1113 2584 ὁμοίως.
1170 2565 1175 2572 ,

279 2607 372 2691 Πρὸς
400 2606 441 2689 δὴ
468 2607 614 2688 τούτοις,
643 2606 753 2688 ὥσπερ
781 2601 835 2670 ἐπί
862 2614 920 2689 τῆς
948 2605 1064 2683 οὐσίας
1092 2605 1153 2690 οὐχ
1181 2606 1295 2690 mx.
1330 2627 1331 2636 ¹

188 2711 272 2794 αὐτὴ
300 2720 413 2794 κτῆσις
439 2709 535 2776 ἕνεκα
564 2720 625 2777 τοῦ
656 2715 713 2795 ζῆν
739 2709 795 2776 καὶ
823 2720 883 2777 τοῦ
912 2714 970 2796 ζῆν
996 2712 1204 2797 εὐδαιμόνως

187 2825 258 2892 τοῖς
290 2815 500 2901 ἀνθρώποις,
533 2817 638 2894 οὕτως
669 2815 724 2882 καὶ
757 2815 809 2883 ἐπὶ
843 2820 1039 2904 φρονήσεως
1071 2819 1112 2884 οὐ
1144 2827 1203 2903 τῆς

148 2942 174 2984 ω
189 2922 290 3006 αὐτῆς
312 2916 405 3006 οἶμαι
429 2924 575 3008 δεόμεθα
597 2927 680 3010 πρός
706 2926 801 2990 τετὸ
831 2928 889 3009 ζην
911 2927 1017 3009 μόνον
1040 2924 1096 2990 καὶ
1119 2926 1203 3009 πρὸς

187 3030 225 3095 τὸ
250 3032 444 3114 ζῆνκαλῶς.
485 3041 554 3108 τοῖς
577 3027 638 3115 μὲν
657 3025 719 3097 οὐν
737 3036 873 3110 πολλοῖς
891 3032 997 3115 πολλη
1021 3034 1202 3118 συγγνώμη
1328 3053 1329 3097 λ

187 3145 286 3203 τοῦτο
309 3136 465 3223 πράττειν
494 3136 663 3222 (εὐχουται
689 3135 837 3223 μὲνγὰρ
865 3138 1094 3223 εὐδαιμονεῖν,
1123 3140 1202 3224 ύγα-

187 3254 273 3308 πώσι
297 3240 334 3308 δὲ
357 3241 420 3308 κᾶν
443 3245 549 3328 μόνον
573 3245 740 3310 δύνωνται
760 3247 776 3323 ζ
796 3242 842 3331 ν),
866 3245 956 3323 ὅστις
977 3241 1014 3311 δὲ
1033 3251 1137 3312 οἴεται
1155 3246 1200 3331 μη

186 3385 400 3394 -——·—-——

276 3473 317 3521 19.
329 3474 363 3522 20
381 3469 430 3522 καλ
444 3467 570 3538 φανερδν
585 3499 619 3510 -
635 3466 662 3523 εί
679 3467 711 3524 δὲ
730 3467 762 3524 τὸ
778 3466 904 3538 γνωστὸν
918 3487 972 3561 οφ.
987 3489 1076 3542 marg.
1091 3471 1181 3530 adeor.
1192 3473 1201 3546 Η

187 3579 220 3628 19
239 3571 315 3641 prius
334 3565 365 3624 τὸ
385 3571 449 3626 ιω.
468 3573 541 3627 αοεε
555 3576 564 3643 γ
577 3579 613 3626 ει
632 3569 679 3627 ιπι
693 3573 805 3628 vitoni:
823 3575 888 3645 περ
907 3559 965 3648 (λ)
