2670 3932
266 1093 469 1170 SOHOLIA
497 1093 678 1167 CODIOIS
707 1093 1003 1166 FLORENTINI

360 1247 400 1302 IN
418 1245 607 1302 IAMBmcffi
625 1246 911 1304 Ροονιιοεσιοοιι

213 1419 245 1508 p.
263 1401 348 1476 7,14
367 1396 511 1475 μηδεμιᾶς
529 1394 601 1473 κτλ]
622 1389 687 1457 οίον
705 1400 840 1475 Στωικῆς
856 1390 1074 1476 Ἀκαδημιακης
1093 1395 1144 1456 καὶ

127 1494 186 1547 τῶν
210 1490 349 1651 ίλλλλἌΟ
372 1570 587 1654 Πνθαγορικη]
612 1569 678 1632 ἀντὶ
695 1579 748 1632 τοῦ
767 1571 984 1651 αἰνιγματώδει,
1006 1580 1170 1655 μνστικῇ·σ

130 1659 330 1742 αίννγματώάη
353 1659 409 1742 γὰρ
431 1659 481 1721 καλ
505 1658 669 1738 σνμβολικά
688 1658 722 1720 τὰ
740 1659 927 1741 Πυθαγόρου
946 1658 1020 1740 πρὸς
1038 1658 1144 1741 ἀρετὴν

128 1745 362 1832 παραγγέλματα.
644 1789 649 1808 .

217 1860 247 1917 p.
264 1842 314 1934 12,
331 1841 402 1916 3sq.
426 1829 482 1918 ἐγέζ
494 1829 540 1920 (ί)
555 1815 648 1918 ἀκροά
668 1835 717 1897 διὰ
736 1837 849 1898 τούτων
867 1834 916 1897 καί
930 1835 962 1897 τὸ
976 1844 1027 1917 τῆς
1042 1835 1143 1916 ἀστρο-

128 1963 229 2044 ίννίνι
253 1934 270 2042 λ
294 1955 487 2043 (ννίννονῖ)

217 2074 247 2130 p.
265 2055 315 2131 17,
331 2054 372 2112 28
396 2051 438 2124 είς
460 2051 492 2113 τὸ
515 2049 684 2133 ὑπάρχων
706 2048 906 2112 θποστικτέον.
1160 2066 1186 2105 10

218 2161 247 2218 p.
264 2143 315 2218 18,
331 2144 404 2216 9sq.
428 2140 470 2213 εἰς
491 2138 524 2200 τὸ
548 2135 616 2216 μετ’
643 2139 836 2212 αίσθιίσιος
857 2136 1054 2201 ὑποστικτέον.

220 2248 248 2305 p.
265 2231 316 2306 20,
333 2229 372 2286 15
397 2226 545 2302 Ποιεῖται]
570 2224 587 2287 ὁ
606 2222 754 2307 Ἀρχύτας.

220 2336 248 2392 p.
264 2318 315 2392 21,
333 2319 373 2376 10
383 2335 446 2394 sqq.
468 2312 549 2387 τέλος
571 2322 623 2393 τῆς
644 2323 806 2393 πρακτικῆς
828 2313 932 2394 ἀρετῆς
955 2314 992 2376 σθ
1014 2315 1047 2376 τὸ
1069 2337 1147 2376 κατι-

131 2405 194 2465 δεῖν
208 2402 240 2464 τὸ
259 2401 376 2484 ἀγαθὸν
395 2401 494 2477 ἁπλῶς
514 2400 651 2481 οὑτωσίν,
669 2400 742 2463 ἀλλὰ
760 2401 792 2463 τὸ
809 2404 986 2484 προσλαβεῖν
1005 2401 1077 2464 αὐτὸ
1097 2403 1146 2465 διὰ

132 2501 191 2554 τῶν
214 2490 376 2573 ἐνεργειῶν.
1160 2507 1186 2548 15

219 2603 246 2660 p.
263 2585 314 2660 22,
331 2585 346 2642 1
360 2600 422 2660 sqq.
446 2578 495 2642 καί
509 2578 568 2641 ἀπὸ
582 2588 640 2641 τῶν
654 2577 788 2640 ἐνταῦθα
803 2576 1044 2661 ἐγγεγραμμένων
1057 2577 1074 2640 ὁ
1088 2589 1146 2641 τῶν

131 2668 218 2731 Μετὰ
236 2668 272 2730 τὰ
290 2669 403 2748 φυσικὰ
421 2677 474 2732 τοῦ
490 2664 705 2750 Ἀριστοτέλους
724 2667 834 2742 σκοπὸς
852 2666 1028 2750 εθγνσιστος,
1046 2666 1095 2730 καί
1113 2667 1145 2729 τὸ

130 2767 227 2830 κακῶς
249 2757 300 2818 καί
322 2756 449 2836 ἀμαθῶς
471 2759 552 2836 παρά
578 2781 668 2819 τινων
690 2757 862 2839 λεγόμενον,
889 2755 921 2818 τὸ
944 2755 984 2836 μὴ
1006 2757 1145 2838 γινώσκε-

131 2851 204 2907 σθαι
221 2854 274 2924 τῆς
286 2847 483 2926 πραγματείας
497 2845 610 2925 ἐκείνης
624 2846 675 2908 τὸν
689 2847 811 2925 σκοπόν,
830 2856 934 2925 σαφῶς
948 2845 1144 2928 ἐλεγχόμενον.

219 2956 248 3012 p.
265 2937 315 3014 25,
332 2939 428 3012 17sq.
455 2936 616 3013 σημείωσαι
643 2935 687 2996 ὅτι
713 2932 733 3013 ἡ
762 2935 802 3015 μὴ
831 2933 909 3016 ὀρθὴ
937 2944 996 2997 τῶν
1019 2934 1145 3018 ἀγαθῶν
1159 2950 1186 2990 2⁰

131 3030 232 3102 χρῆσις
254 3020 405 3102 κακωτέρα
427 3021 506 3083 ἐστίν
529 3021 693 3102 ἀχρηστίας.

219 3133 249 3189 p.
265 3114 349 3190 26,6
374 3110 409 3172 τὰ
433 3110 551 3173 ἐναντία
574 3109 663 3190 ἔχων]
687 3108 759 3173 ἀνευ
783 3120 840 3174 νοῶ
864 3111 1007 3190 δηλονότι.

219 3221 248 3278 p.
265 3204 315 3280 26,
333 3205 372 3262 13
396 3201 482 3278 μείζω
506 3198 620 3281 ἀγαθά]
645 3203 685 3283 τῷ
708 3198 882 3285 κεκτημένρι.

219 3310 247 3366 p.
264 3292 314 3368 26,
331 3293 371 3350 26
396 3288 555 3368 σημείωσαι
575 3288 618 3348 ὅτι
631 3284 651 3365 ἡ
665 3286 866 3367 ἐμφιλόσοφος
883 3287 1025 3368 ἐπιστήμη
1041 3286 1077 3350 οὐ
1092 3288 1145 3366 μό-

133 3399 185 3438 νον
208 3377 327 3455 κτητική
351 3377 410 3439 ἐστι
432 3376 483 3438 καί
504 3375 640 3456 ποιητικὴ
663 3386 722 3438 τῶν
745 3376 886 3459 ἀγαθῶν,
908 3376 981 3439 ἀλλὰ
1003 3377 1053 3438 καί
1076 3399 1144 3457 χρη·
1159 3392 1186 3432 25

131 3463 212 3548 στικὴ
235 3465 370 3545 μάλιστα
393 3462 413 3544 ἡ
437 3465 492 3548 γὰρ
516 3464 557 3547 μὴ
581 3465 718 3548 χρηστικὴ
737 3465 923 3547 ἀφιλόσοφος
942 3465 992 3528 καί
1010 3465 1144 3546 ἀπατηλὴ

130 3551 180 3613 καί
202 3551 337 3635 ἀγεννής.
