2670 3932
79 132 84 140 A
177 171 241 237 116
594 171 785 228 αυειιυεα

127 341 170 402 ις’
280 335 325 400 To
350 331 387 400 δὲ
410 334 490 400 αὐτὸ
514 333 732 418 παραγγέλλει
750 333 805 400 καὶ
825 335 906 419 <τὸ>
930 335 1053 422 δηιδίφ
1072 340 1200 399 θᾶκον

176 442 224 525 μὴ
258 439 469 524 ἀπόμασσε.
516 441 557 505 οὐ
589 442 653 526 γάρ
682 444 789 526 μόνον
821 439 890 507 ἐπεὶ
923 441 1128 527 καθαρτικὸν
1160 442 1198 506 τὸ

177 547 296 632 δᾳδίον
328 554 373 634 τῷ
407 548 563 631 ταχίστου
595 545 650 613 καί
681 549 838 613 πλείστου
874 547 1072 632 μεθεκτικὸν
1109 541 1196 612 εἶναι
1209 565 1293 606 ιιειε.

176 655 297 740 πυρός,
326 654 437 740 ὥσπερ
461 655 498 719 τὸ
522 656 703 738 λεγόμενον
726 660 840 738 θεῖον,
866 663 1023 738 παραινεῖ
1043 653 1087 737 μὴ
1111 655 1198 738 μιαί·
1329 663 1330 668 ’

150 778 251 826 ονειν
274 759 357 825 αὐτὸ
376 761 478 845 φύσει
496 771 650 845 μιασμῶν
669 760 913 844 ἀποσοβητικὸν
931 757 1092 845 ὑπάρχον,
1117 755 1193 844 μηδ’

179 865 420 952 ἀντιμάχεσθαι
455 875 494 952 τῇ
531 875 655 952 φυσικῇ
686 866 926 951 ἐπιτηδειότητι
959 866 1063 930 αὐτοῦ
1096 866 1197 950 μολύ-

176 996 281 1038 νοντα
303 975 341 1039 τὸ
367 978 549 1058 μολυσμῶν
572 975 771 1056 κωλυτικόν,
797 972 880 1039 άλλδι
902 976 1029 1057 μᾶλλον
1053 972 1097 1055 μὴ
1122 975 1195 1056 μίσ-

176 1102 249 1162 γειν
263 1075 348 1164 μηδὲ
365 1087 568 1164 κατακιρνᾶυ
586 1081 627 1145 τὰ
644 1081 766 1164 σοφίας
785 1079 853 1144 ίδια
872 1088 941 1155 τοῖς
959 1086 1017 1164 τῆς
1037 1079 1196 1167 ξφωδίας·

178 1185 297 1272 δαδίον
320 1182 383 1270 μὲν
406 1187 470 1269 γάρ
495 1185 551 1250 διά
578 1185 640 1268 τὴν
663 1183 862 1270 εὐφέγγειαν
885 1185 1072 1272 φιλοσοφίᾳ
1094 1206 1194 1271 παρα-

139 1310 165 1350 ιο
178 1289 346 1375 βέβληται,
369 1296 477 1368 θᾶκος
500 1289 537 1356 δὲ
561 1292 618 1356 διδι
639 1292 701 1374 τὴν
723 1289 958 1375 χαμαιπέτειαν
982 1292 1119 1379 ζμωδίᾳ.

134 1403 166 1472 aff
270 1397 315 1462 Τὸ
345 1393 382 1462 δὲ
410 1396 653 1483 ἀλεκτρυόνα
682 1396 801 1483 τρέφε
832 1395 918 1482 μέν,
951 1398 999 1481 μὴ
1032 1405 1106 1462 θῦε
1138 1397 1289 1462 δι’·146Δ.

178 1506 278 1589 μήνη
302 1505 375 1589 γάρ
399 1502 465 1569 καὶ
488 1503 582 1593 ἡλίφ
605 1503 848 1591 καθιέρωται
872 1505 1093 1590 συμβουλεύει
1116 1503 1195 1587 ἡμῖν

178 1608 380 1696 ὑποτρέφειν
403 1607 459 1675 καὶ
483 1621 725 1695 σωματοποιεῑν
748 1608 801 1675 καὶ
820 1611 863 1694 μὴ
883 1619 1035 1696 παρορᾶν
1054 1609 1197 1675 ἀπολλύ-

179 1741 262 1803 μενα
285 1715 340 1782 καὶ
365 1718 632 1800 διαφθειρόμενα
659 1718 700 1780 τὰ
727 1726 784 1798 της
811 1724 872 1782 τοῦ
894 1719 1022 1800 κόσμου
1049 1714 1197 1792 ἑνώσεως

140 1841 166 1884 ιι
179 1823 234 1889 καὶ
257 1824 479 1908 ἀλληλουχίας
502 1825 710 1907 συμπαθείας
732 1845 768 1888 τε
787 1821 844 1888 καὶ
863 1825 1048 1907 συμπνοίας
1070 1821 1196 1906 μεγάλα

178 1932 345 2016 τεκμήρια.
397 1930 480 1995 ὥστε
507 1927 683 2014 προτρέπει
715 1938 773 2013 τῆς
804 1937 865 1994 τοῦ
896 1931 1020 2006 παντὸς
1051 1930 1196 2013 θεωρίας

179 2033 235 2100 καὶ
254 2037 460 2118 φιλοσοφίας
478 2033 794 2118 ἀντιλαμβάνεσθαι.
835 2033 904 2100 ἐπεὶ
921 2037 985 2119 γάρ
1003 2025 1197 2118 άπόκρυφορ
1329 2087 1330 2096 ,

181 2141 281 2226 φύσει
299 2140 320 2223 ἡ
339 2137 414 2223 περὶ
429 2148 488 2204 τοῦ
507 2141 631 2216 παντὸς
651 2138 802 2224 ἀλήθεια,
823 2138 878 2206 καί
897 2141 1109 2225 δυσθήρατος
1129 2139 1197 2204 ἰκα-

181 2258 262 2325 vebs·
282 2244 418 2340 ζητητέα
437 2243 474 2312 δὲ
488 2247 577 2330 ὅμως
591 2246 760 2335 ἀνθρώπφ
779 2245 836 2312 καί
854 2244 1038 2332 ἐξιχνευτέα
1056 2246 1197 2330 μάλιστα

141 2372 168 2412 20
182 2355 238 2419 διὰ
260 2355 473 2440 φιλοσοφίας.
519 2353 575 2417 διὰ
601 2353 665 2437 γάρ
693 2353 797 2419 ἀλλον
822 2354 913 2429 τινὸς
941 2351 1197 2437 ἐπιτηδεύματος

180 2461 286 2538 οὕτως
310 2460 492 2526 ἀδύνατον·
515 2458 597 2541 αὕτη
622 2455 659 2524 δὲ
682 2459 782 2544 μικρά
804 2482 879 2524 τινα
899 2457 1087 2541 ἐναύσματα
1105 2459 1194 2541 παρὰ
1209 2476 1289 2516 ιιεπ.

180 2575 238 2650 τῆς
261 2567 393 2651 φύσεως
416 2565 634 2649 λαμβάνουσα
656 2562 711 2629 καὶ
732 2561 853 2628 ὡσανεὶ
874 2561 1115 2647 έφοδιαζομένη
1140 2566 1156 2641 ζ
1184 2603 1198 2613 -

180 2683 281 2759 πυρεῑ
301 2695 336 2736 τε
361 2670 444 2736 αὐτὰ
466 2669 522 2735 καὶ
540 2671 717 2754 μεγεθύνει
741 2667 795 2734 καὶ
815 2667 1028 2755 ένεργέστερα
1052 2670 1107 2734 διά
1130 2679 1198 2734 τῶν

181 2771 259 2861 παρ’
294 2775 395 2860 αὐτῆς
430 2777 636 2860 μαθημάτων
673 2775 894 2862 ἀπεργάζεται.
950 2773 1198 2861 φιλοσοφητέον

144 2900 169 2942 25
182 2882 290 2967 <άρα>
313 2880 355 2945 ἀν
380 2886 439 2963 είη.
1329 2939 1330 2966 ρ

135 2995 171 3066 ιη’
276 2989 321 3052 To
341 2984 378 3053 δὲ
402 2985 464 3052 ἐπὶ
486 2990 634 3072 χοίνικι
657 2988 707 3072 μὴ
730 2988 900 3067 καθίζου
919 2989 1198 3075 Πυθαγορικώτε-
1329 2999 1330 3014 *

183 3120 245 3183 ρον
269 3088 426 3172 έκδέξαιτ’
448 3096 490 3159 άν
512 3117 561 3170 τις
580 3092 701 3160 ἐκτῶν
721 3094 831 3160 αὐτῶν
849 3107 918 3172 τοῖς
937 3095 1072 3160 ἀνωθεν
1091 3094 1198 3181 ὁρμά·
1329 3107 1330 3176 λ

236 3255 240 3262 ,

274 3330 288 3376 1
309 3319 340 3376 τὸ
360 3320 470 3376 addidit
487 3321 566 3392 Κ113
585 3321 715 3390 τάχιστον
736 3339 769 3376 ex
787 3339 884 3392 apogr.
904 3321 959 3376 Ciz.
978 3321 1056 3391 Κβθ
1076 3324 1200 3386 ζωωδίας

188 3392 325 3462 Scaliger:
345 3393 485 3458 ξυνωδίας
498 3393 508 3460 ΙΙ
522 3397 555 3446 13
575 3387 737 3462 ἐπιτρέψειν
756 3397 785 3447 et
802 3395 940 3461 περιορᾶν
959 3393 1004 3460 (cf.
1025 3390 1114 3446 Cobet
1134 3393 1198 3448 Obs.

186 3464 222 3517 ad
237 3464 351 3531 Dionys,
365 3463 429 3520 Hal.
443 3480 470 3532 p.
487 3465 530 3531 13)
549 3463 667 3531 requirit
686 3463 853 3533 Vitelli-1121
873 3460 961 3526 ὄντως
984 3466 1014 3518 eb
1032 3469 1065 3517 23
1086 3459 1200 3532 έναργέ·

109 3589 118 3604 ‚
186 3550 269 3601 στερα
288 3532 314 3585 Α
327 3534 336 3600 ΙΙ
349 3537 384 3586 25
404 3529 460 3601 ἄρα
479 3533 590 3589 addidit
607 3533 639 3588 K.
