2670 3932
210 194 272 260 128
635 193 791 250 SOHOLIA
865 219 870 222 ·

294 384 323 439 p.
338 364 390 438 28,
405 365 446 423 19
467 356 519 421 Ἐκ
541 370 594 423 τοῦ
614 356 801 441 Ἀλκιβιάδου
824 369 877 423 τού
900 359 1070 434 Πλάτωνος.

294 473 322 527 p.
338 454 390 529 29,
406 453 446 511 15
468 445 521 510 Ἐκ
543 459 595 512 τού
619 447 642 510 ε’
664 459 723 510 τῶν
746 449 848 529 νόμων
870 458 923 512 τοῦ
946 451 1117 524 Πλάτωνος.

293 560 322 615 p.
338 542 389 618 30,
405 543 422 598 2
436 558 499 618 sqq.
522 536 635 620 γένοιτό
653 560 723 600 ποτε
745 537 795 599 καλ
817 533 905 616 ἡμᾶς,
928 538 1104 616 φιλοσόφων
1123 537 1221 620 άριστε

201 621 359 707 Ἰάμβλιχε,
382 626 459 688 οὕτω
482 635 602 706 τιμῆσαι
623 625 678 705 τὴν
700 625 804 706 ψυχὴν
826 623 927 706 ἡμῶν,
954 626 1005 688 καὶ
1027 627 1077 689 διδι
1099 629 1221 690 πάντων

177 724 262 776 ῦτῶν
286 713 464 777 ἐκτεθέντων
481 715 562 794 παρὰ
581 724 636 778 σοῦ
654 713 674 795 ἢ
692 723 751 777 τῶν
769 716 911 777 πλείστων
928 714 964 777 τὰ
981 715 1056 794 πρὸς
1073 719 1220 779 τελείωσιν

204 803 296 884 αύτῆς
318 803 577 883 ἐπιτηδεύσασθαι.

291 916 320 971 p
336 897 387 973 33,
402 897 421 954 3
446 887 511 955 οίον
534 893 566 955 οἱ
585 893 815 974 παιδαγωγοί.

291 1003 319 1059 p.
335 986 387 1060 33,
403 983 421 1042 5
445 980 478 1043 τὸ
500 979 661 1061 βέλτιστον]
685 980 717 1042 τὸ
740 979 904 1062 λογιστικὸν
927 977 1020 1059 ἡμῶν

290 1091 319 1147 p.
335 1074 386 1150 33,
402 1075 420 1132 9
445 1070 597 1148 τοιαύτην]
622 1068 687 1132 άντι
709 1078 762 1132 τοῦ
784 1071 943 1150 βελτίστην.

163 1173 188 1212 10
290 1180 319 1236 p.
335 1162 386 1237 34,
402 1157 516 1238 5οη.”
499 1181 542 1220 οτι
564 1181 614 1219 και
605 1157 690 1237 τὴν
714 1158 807 1235 φύσιν
830 1155 870 1231 ὡς
892 1157 980 1239 λόγον
1003 1156 1069 1218 τινὰ
1092 1157 1218 1238 ἔχουσαν

201 1247 345 1327 λαμβάνει
364 1245 413 1308 διὰ
431 1245 463 1309 τὸ
481 1247 578 1308 πάντα
596 1246 670 1326 πρός
688 1270 715 1307 τι
731 1252 829 1309 ποιεῖν
847 1245 897 1307 καλ
914 1244 1002 1309 ἕνεκά
1019 1262 1110 1320 τινος·
1130 1256 1216 1309 τοῦτο

203 1331 234 1395 δὲ
257 1333 307 1396 καί
329 1339 455 1420 Γαληνῷ
479 1336 567 1396 δοκεῖ.

289 1445 317 1501 p.
333 1428 374 1485 34
377 1427 515 1502 2‚28qq.
539 1423 583 1485 ὅτι
605 1421 732 1504 ἕτερύςὲ
732 1441 795 1485 στιν
813 1421 830 1484 3
848 1429 973 1505 θεωρῶν
990 1421 1046 1502 τὴν
1065 1424 1216 1486 δικαιοσύ-

201 1534 258 1591 νην
281 1512 332 1573 ινα
355 1510 463 1591 μαθὼν
486 1510 609 1594 άρξηται
627 1513 847 1594 δικαιοπραγεῖν
864 1510 915 1574 καί
933 1510 973 1592 μὴ
993 1510 1111 1594 γίνηται
1133 1534 1215 1595 περι-

161 1615 186 1656 15
200 1599 289 1678 ττετὴς
311 1600 362 1661 καὶ
383 1599 559 1674 ύπεύθυνος
582 1609 616 1685 τῇ
639 1599 698 1662 ἀπὸ
683 1600 769 1681 ὁτῆς
792 1599 910 1674 ἀδικίας
933 1603 1031 1686 ζημίᾳ,
1054 1599 1104 1662 καί
1126 1601 1215 1663 πάλιν

200 1687 327 1768 ετερύςέ
328 1707 390 1750 στιν
409 1687 565 1772 δθεωρῶν
579 1661 634 1767 τδν
648 1689 843 1768 δικαιοσύνην
863 1685 902 1751 δι’
918 1687 1091 1769 ἕαυτήν,’
1057 1712 1111 1769 ουχ
1129 1687 1216 1752 ἕνεκά

199 1801 279 1852 τινος
301 1776 392 1840 άλλου
419 1773 536 1857 (καὶ
504 1801 559 1889 χορ
582 1777 740 1839 καὶτοῦτο
763 1777 844 1851 τέλος
866 1776 943 1840 ἐστίν
965 1774 986 1856 ἡ
1009 1787 1116 1860 γνῶσις
1139 1777 1213 1856 αύτὴ

199 1864 239 1939 ὡς
265 1867 437 1945 τιμιώτατον
464 1866 514 1927 καὶ
542 1860 796 1949 ὠφελιμώτατον)·
826 1864 874 1927 καί
904 1866 947 1927 ὅτι
974 1864 991 1927 3
1019 1863 1073 1945 μὲν
1100 1876 1214 1947 πρῶτος

199 1952 340 2034 ἑπόμενος
363 1959 402 2039 τῷ
420 1959 574 2040 πρακτικῷ
597 1953 647 2015 καλ
665 1953 927 2064 βιναπιμπλάμενος
946 1953 1022 2033 [και]
1042 1963 1095 2034 τῆς
1115 1957 1213 2035 τύχης,
1321 2025 1322 2034 χ

158 2041 248 2104 εθκαλ
270 2017 399 2104 καλεῐτάι
421 2043 581 2121 πολιτικός,
605 2040 620 2103 3
645 2039 676 2104 33
700 2043 835 2124 δεύτερος
853 2041 1000 2117 άπύλυτος
1022 2043 1072 2104 καί
1093 2043 1212 2106 ἐλεύθε-

198 2153 259 2212 ρος,
282 2131 332 2192 καλ
354 2136 483 2193 καλεῖται
505 2131 695 2212 θεωρητικός.

285 2225 382 2301 p.‚34
399 2225 439 2282 27
464 2219 565 2298 αὐτὸς]
590 2217 717 2293 αύτὸςδ
740 2229 820 2294 νοῦς.

285 2313 414 2389 9.,735
397 2310 526 2372 7οιτίί
492 2311 615 2388 τμίιοι
634 2307 684 2370 καί
701 2310 889 2388 Θουκυδίδης
903 2303 934 2391 (Ι
949 2313 990 2371 32
992 2304 1090 2393 ,1)
1092 2309 1196 2388 ὴν
1161 2334 1212 2390 χα

196 2421 244 2476 ριν
266 2393 411 2479 βίβαιονῆ

157 2501 182 2542 2⁵
285 2510 313 2567 p.
329 2492 380 2568 36,
398 2490 437 2548 15
449 2507 511 2567 sqq.
531 2486 574 2547 ὅτι
593 2485 608 2548 3
628 2453 791 2560 σπουδαῖος
809 2509 843 2570 τη
858 2485 929 2570 τύχη
944 2485 1000 2548 ούκ
1013 2486 1126 2549 ύπείκει
1140 2483 1211 2548 0333

195 2581 256 2648 τοῖς
278 2580 426 2658 τυχηροῖς
452 2577 541 2653 δηλοῖ
559 2572 591 2636 δὲ
613 2576 732 2655 Κράτης
753 2572 804 2636 καί
827 2547 980 2656 Λιογίνης.

284 2687 313 2742 p.
328 2668 380 2743 38,
397 2669 438 2725 14
461 2665 510 2724 δεῖ
528 2663 605 2724 ούτω
625 2663 780 2736 συντάξαι·
804 2665 987 2743 στοιχείων
1011 2661 1047 2725 δὲ
1070 2664 1108 2725 αἱ
1128 2660 1210 2725 ὀνο-

196 2753 392 2831 μαζόμεναι
410 2752 592 2831 συλλαβαί.
629 2751 737 2829 τρόπος
756 2752 811 2833 γάρ
826 2751 903 2812 ἐστιν
918 2750 957 2825 ὡς
971 2751 1003 2814 τὸ
1017 2749 1211 2833 χασσάμενος

195 2836 372 2920 πολεμίχθη’
395 2835 496 2921 (Hom.
512 2844 539 2899 Δ
555 2843 627 2920 535,
647 2834 710 2923 ολ).

156 2943 183 2984 3⁰
284 2927 539 3009 ρ.39,15μύνον]
551 2926 645 2991 ἰστέον
660 2927 702 2990 ὅτι
716 2926 736 3008 ἡ
750 2938 804 2991 τοῦ
818 2930 931 3008 μόνον
945 2929 1105 3010 προσθήκη
1116 2927 1210 3002 ἐξισά-
1319 2909 1320 2928 ¹

197 3020 255 3090 ζειν
274 3016 349 3098 λέγει
367 3017 418 3079 τὸν
441 3017 535 3097 νόμον
555 3022 595 3102 τῷ
613 3015 743 3098 άρχοντι·
768 3017 840 3080 ὥστε
862 3017 913 3080 καὶ
935 3018 1210 3100 άντικατηχορεῖται.

283 3129 312 3184 p.
328 3110 379 3187 48,
395 3111 437 3168 20
447 3127 490 3184 sq.
509 3104 755 3186 αίσχυνέσθωσαν
774 3107 806 3168 οί
820 3102 883 3168 κατ’
905 3106 954 3186 ἐμὲ
969 3105 1142 3187 Χριστιανοὶ
1160 3104 1210 3167 τὸν

196 3194 364 3272 φιλόσοφον
382 3192 515 3273 Ἕλληνα
537 3196 686 3274 φλυαρίαν
714 3193 764 3255 καί
790 3200 882 3276 λῆρον
910 3196 945 3257 τὰ
967 3195 1048 3274 παρὰ
1070 3194 1103 3256 τὸ
1126 3200 1210 3272 φιλο-

196 3288 302 3360 σοφεῖν
325 3283 520 3365 λογιζόμενον.

195 3423 407 3432 ——-—.—

285 3494 317 3543 17
327 3489 376 3543 καλ
390 3489 486 3560 τοῦτο]
499 3489 563 3543 fort.
578 3487 670 3561 τούτῳ
684 3491 693 3559 ΙΙ
709 3496 742 3545 18
757 3465 857 3559 τιμιύ’
866 3489 916 3544 καί
926 3465 1071 3560 ύφελιμω
1072 3490 1096 3561 ἸΙ
1111 3496 1144 3544 19
1159 3491 1207 3545 και

196 3559 312 3611 ante
281 3579 329 3626 της
349 3559 447 3614 delevi.
