2670 3932
167 213 210 278 92
577 214 764 270 IAMBLICHI

167 374 314 462 φέροντα
336 375 357 460 ἢ
381 375 479 460 ἐγγὺς
497 378 629 458 τούτου,
652 373 709 440 καὶ
731 377 776 460 μὴ
800 374 837 441 ἐν
856 377 969 452 ἀλλοις
991 375 1186 462 ἀνθρώποις

168 483 347 565 αίωρελται,
366 480 399 560 ἐξ
423 477 472 548 ὧν
494 482 515 567 ἢ
539 478 578 548 εὖ
600 481 621 566 ἢ
643 491 752 558 κακῶς
773 480 970 566 πραξάντων
988 487 1182 547 πλανᾶσθαι
1316 503 1328 564 2}

168 586 372 670 ἠνάγκασται
394 586 449 652 καὶ
472 589 517 653 τά
536 589 682 671 ἐκείνου,
710 588 817 675 τούτῳ
842 589 960 673 άριστα
982 588 1185 674 παρεσκεύα-
1200 608 1239 646 112
1252 603 1281 648 Α.

169 708 242 757 σται
268 697 335 778 ζῆν,
360 689 457 772 οὗτός
480 693 571 760 ἐστιν
596 694 613 760 ὁ
638 694 785 779 σώφρων
804 691 859 759 καλ
879 689 977 772 οὗτος
996 694 1013 760 ὁ
1033 694 1188 779 ἀνδρεῖος

142 796 223 863 :sual
242 801 418 884 φρόνιμος,
438 795 536 878 οὗτος
554 798 765 884 γιγνομένων
787 799 965 885 χρημάτων
983 798 1039 867 καὶ
1057 801 1187 866 παίδων

169 902 224 969 καὶ
257 904 551 992 διαφθειρομένων
587 906 727 991 μάλιστα
758 909 905 974 πείσεται
938 914 977 991 τῇ
1013 908 1187 993 παροιμίᾳ·

170 1011 247 1076 ούτε
279 1012 342 1098 γὰρ
372 1014 498 1097 χαίρων
532 1011 608 1076 οὔτε
641 1012 850 1096 λυπούμενος
882 1012 969 1095 ἀγαν
1002 1015 1187 1097 φανήσεται
1203 1029 1282 1070 2⁷03·

171 1117 227 1180 διὰ
249 1118 287 1181 τὸ
311 1116 401 1204 αὑτῷ
424 1115 633 1182 πεπονθέναι.
671 1117 845 1194 τοιούτους
864 1113 901 1182 δέ
918 1115 1012 1202 ἡμεῖς
1031 1115 1188 1202 ἀξιοῦμεν

169 1219 225 1286 καὶ
256 1223 335 1298 τοὺς
372 1221 522 1303 ἀγαθοὺς
559 1216 661 1306 εἶναι,
698 1223 775 1287 ούτε
812 1222 1080 1306 ἀγανακτοῦντας
1112 1223 1189 1288 ούτε

132 1346 157 1385 1⁰
171 1326 406 1412 φοβουμένους
429 1329 530 1411 ἀγαν,
559 1330 590 1393 εί
617 1328 668 1392 δεῑ
690 1333 845 1394 τελευτᾶν
870 1327 906 1394 έν
928 1337 974 1416 τῷ
1004 1328 1188 1413 παρόντιῆ

170 1435 251 1499 ἀλλο
274 1455 306 1497 τι
328 1434 468 1517 πάσχειν
491 1443 559 1499 τῶν
582 1434 819 1518 ἀνθρωπίνων.
862 1433 1102 1519 διατεταμένως
1124 1436 1188 1519 γάρ

171 1539 212 1622 δὴ
243 1540 296 1604 δεῖ
324 1539 449 1622 ταύτην
481 1541 569 1624 ἔχειν
600 1541 662 1623 την
691 1539 810 1624 δόξαν,
848 1540 892 1617 ὡς
924 1541 943 1606 ὀ
971 1536 1033 1625 μὲν
1061 1541 1190 1625 ἀγαθὸς

171 1646 257 1730 ἀνὴρ
294 1647 441 1733 σώφρων
479 1646 526 1711 ὢν
563 1644 618 1711 καί
656 1647 784 1724 δίκαιος
824 1646 993 1732 εὐδαίμων
1029 1645 1099 1712 ἐστὶ
1133 1645 1190 1712 καὶ

171 1752 346 1836 μακάριος,
380 1751 439 1818 ἐάν
467 1776 503 1817 τε
531 1751 631 1839 μέγας
659 1750 715 1818 καὶ
743 1754 893 1838 ἰσχυρός,
926 1753 984 1818 ἐάν
1012 1776 1048 1818 τε
1074 1753 1190 1839 μικρὸς

133 1875 157 1915 1⁵
171 1855 226 1922 καὶ
258 1857 419 1941 ἀσθενής,
452 1857 508 1923 καὶ
542 1859 600 1924 ἐὰν
629 1864 757 1944 πλουτῇ
790 1857 844 1924 καί
874 1863 944 1944 μάψ
975 1859 1034 1925 έάν
1063 1856 1093 1924 δ’
1125 1861 1190 1944 ἀρα

171 1968 297 2046 πλουτῇ
325 1964 458 2048 Κινύρα
489 1971 525 2029 τε
556 1963 611 2029 καί
639 1966 736 2028 Μίδα
768 1970 911 2049 μᾶλλον,
944 1956 966 2050 ᾖ
998 1962 1034 2031 δὲ
1064 1966 1189 2048 ἀδικος,
1316 2037 1320 2044 ,

172 2068 290 2144 άθλιός
319 2065 357 2132 τέ
385 2067 454 2133 ἐστι
483 2066 539 2134 καὶ
571 2070 716 2155 ἀνιαρῶς
745 2074 794 2155 ζῇ·
826 2068 881 2136 καί
914 2069 993 2136 οὔτ’
1016 2063 1068 2136 ’ἀν
1097 2095 1188 2156 μνη-

172 2176 333 2258 σαίμην,
362 2172 467 2258 φησὶν
491 2177 508 2240 δ
531 2179 685 2261 ποιητής,
715 2182 806 2262 είπερ
834 2177 948 2261 ὀρθῶς
975 2175 1077 2261 λέγει,
1107 2171 1187 2241 οὔτ’

172 2278 216 2343 έν
244 2281 346 2366 λόγῳ
374 2280 503 2365 ἀνδρα
529 2286 737 2366 πιθοίμην,
771 2283 808 2360 ὃς
835 2284 880 2368 μὴ
903 2284 1011 2350 πάντα
1033 2284 1074 2348 τά
1097 2285 1190 2366 λεγό·

98 2369 107 2382 ’
132 2404 158 2444 20
172 2408 256 2470 μενα
278 2386 363 2450 καλά
385 2387 466 2469 μετὰ
494 2387 709 2471 δικαιοσύνης
736 2388 875 2474 πράττοι
898 2386 953 2452 καὶ
975 2396 1096 2475 κτῷτο,
1124 2385 1190 2452 καί

173 2493 299 2574 δηίων
317 2500 468 2568 τοιοῦτος
487 2492 535 2558 ὢν
559 2491 742 2577 ὀρέγοιτο
766 2492 940 2577 ἐγγύθεν
965 2494 1189 2578 ἱστάμενος,

173 2598 287 2674 ἀδικος
311 2595 348 2662 δέ
370 2598 418 2663 ὢν
437 2600 516 2682 μητε
539 2602 649 2686 τολμῷ
674 2598 776 2683 ὁρῶν
799 2600 929 2682 φόνον
952 2600 1190 2684 αἱματόεντα

172 2707 268 2788 μήτε
300 2711 395 2791 νικῷ
428 2703 534 2769 θέων
562 2707 758 2788 Θρηίκιον
788 2703 959 2790 Βορέην,
992 2703 1076 2790 μηδὲ
1108 2707 1189 2772 ἀλλο

173 2809 263 2895 αύτῷ
297 2805 403 2893 μηδὲν
430 2817 498 2873 τῶν
529 2806 721 2892 λεγομένων
751 2809 890 2894 ἀγαθῶν
921 2813 1071 2894 γίγνοιτό
1101 2832 1188 2876 ποτε.
1205 2826 1280 2869 11³A·

133 2933 159 2974 25
173 2914 213 2978 τὰ
236 2914 300 2999 γάρ
323 2912 388 2978 ὑπὸ
412 2923 480 2979 τῶν
502 2918 636 2980 πολλῶν
664 2918 826 3000 λεγόμενα
854 2915 966 2999 ἀγαθά
993 2917 1055 2982 οὐκ
1078 2917 1191 3001 ὀρθῶς
1318 2951 1330 2976 v

174 3018 311 3104 λέγεται.
353 3018 480 3103 λέγεται
501 3020 565 3105 γάρ
589 3021 634 3097 ὡς
658 3021 806 3108 “ἀριστον
829 3019 891 3106 μὲν
914 3023 1090 3107 ὑγιαίνειν,
1115 3024 1190 3089 δεύ-
1205 3041 1280 3082 mx·

173 3149 273 3212 τερον
297 3121 334 3190 δὲ
356 3126 492 3210 κάλλος,
514 3130 628 3212 τρίτον
652 3125 689 3192 δὲ
712 3127 876 3206 πλοῦτος.’
920 3132 1021 3213 μυρία
1046 3127 1083 3194 δὲ
1106 3130 1190 3194 ἀλλα

266 3323 308 3372 12.
327 3335 355 3386 p.
370 3324 412 3385 93,
429 3324 462 3374 19
481 3279 554 3372 flat.
573 3319 615 3373 De
633 3318 720 3389 Legg.
734 3319 760 3373 ΙΙ
774 3338 801 3390 p.
817 3325 869 3374 660
879 3320 990 3376 Ε-θθλ
1000 3322 1033 3377 A.

267 3498 299 3546 17
316 3489 375 3547 έοτλ
385 3511 520 3563 superscr.
535 3495 545 3564 ΙΙ
560 3499 593 3548 18
603 3489 668 3549 ούτε
683 3497 693 3564 [1
706 3500 740 3548 20
751 3495 840 3562 κτῷτο
850 3495 909 3548 PA:
927 3497 1062 3551 κεκτῶτοι
1072 3501 1191 3568 κεκτῇτο

177 3560 266 3615 Cobet
279 3565 288 3630 ss
302 3568 336 3617 2⁷
355 3565 489 3619 πλοῦτονι
511 3564 612 3619 ‘voluit
630 3565 749 3619 fortasse
767 3566 909 3619 πλουτεῖν
930 3566 1026 3622 Cobet.
