2674 3932
187 200 233 264 34
597 199 788 255 IAMBLICHI

186 464 224 533 δὲ
247 464 349 533 οὐδέν
372 469 452 533 ἄλλο
476 464 567 532 ἐστὶν
590 467 610 551 ἢ
634 468 671 532 τὸ
696 473 909 552 φιλοσοφεῖν,
936 469 1019 534 ὥστε
1042 467 1097 534 καὶ
1120 471 1203 536 κατδ

183 575 310 658 ταύτην
336 575 397 657 την
426 575 590 659 διαίρεσιν
617 574 753 639 πάντων
781 574 922 659 μάλιστα
952 574 1202 660 φιλοσοφητέον

181 691 252 758 τοῖς
274 679 494 766 βουλομένοις
517 676 555 745 εὖ
577 680 743 767 πράττειν.

154 804 167 846 τ
260 788 332 876 ,Εἰς
344 787 444 853 ταύτὸ
460 783 497 852 δὲ
511 784 607 874 φέρει
620 785 714 863 τέλος
727 783 783 853 καλ
796 786 818 870 ἡ
831 787 944 853 τοιοίδε
958 790 1090 873 ἔφοδος.
1113 797 1204 855 πᾶσα
1326 797 1327 834 d

181 894 284 977 φύσις
301 895 411 978 ὥσπερ
432 894 553 977 ἔχουσα
571 894 674 975 λόγον
694 889 801 958 οὐδὲν
819 891 881 977 μὲν
900 895 970 979 εἰκῇ
988 905 1087 978 ποιεῖ,
1106 895 1203 961 ἕνεκα

182 998 221 1065 δέ
241 1022 333 1075 τινος
355 999 476 1082 πάντα,
504 996 561 1064 καὶ
588 1003 716 1082 μᾶλλον
744 1006 805 1064 τοῦ
832 997 929 1065 ἕνεκα
956 1022 1048 1078 τινος
1070 1002 1107 1066 τὸ
1131 1002 1202 1086 εἰκῆ

181 1105 357 1193 έξορίσασα
376 1107 597 1190 πεφρόντικεν
620 1107 704 1191 ἥπερ
725 1106 762 1170 αλ
776 1104 901 1190 τέχναι,
925 1107 976 1172 ὅτι
994 1104 1049 1172 καὶ
1069 1108 1202 1192 φύσεως

182 1212 219 1276 αλ
229 1210 342 1296 τέχναι
355 1205 443 1294 ἦσαν
457 1214 632 1295 μιμήματα.
666 1221 727 1277 τοῦ
742 1210 779 1277 δὲ
795 1211 982 1299 ἀνθρώπου
996 1226 1203 1292 συνεστῶτος

143 1337 169 1376 ιο
184 1318 285 1402 φύσει
312 1316 348 1382 έκ
375 1325 483 1403 ψυχῆς
504 1339 540 1382 τε
562 1316 618 1382 καὶ
641 1319 808 1402 σώματος,
836 1321 1007 1401 βελτίονος
1035 1317 1071 1384 δέ
1099 1321 1203 1404 ούσης

180 1433 239 1508 τῆς
261 1432 369 1508 ψυχῆς
390 1433 452 1489 τοῦ
480 1423 632 1508 σώματος
659 1421 714 1489 καὶ
742 1422 793 1489 ἀεὶ
820 1432 881 1490 τοῦ
907 1427 1077 1508 βελτίονος
1105 1425 1202 1492 ἕνεκα

181 1527 455 1617 ὑπηρετουμένου
477 1538 539 1596 τοῦ
561 1533 727 1616 χείρονος,
755 1529 810 1596 καὶ
834 1533 872 1598 τὸ
896 1541 990 1616 σῶμα
1012 1541 1070 1616 τῆς
1092 1541 1200 1617 ψυχῆς
1215 1552 1278 1594 εει

181 1635 278 1702 ἕνεκά
301 1636 379 1702 ἐστι.
419 1645 478 1720 τῆς
495 1646 603 1721 ψυχῆς
622 1633 659 1704 δὲ
679 1639 717 1702 τὸ
736 1633 798 1721 μὲν
815 1633 857 1721 ἦν
877 1641 955 1723 ἔχον
973 1640 1087 1723 λόγον,
1109 1640 1147 1705 τὸ
1167 1637 1198 1706 δ’

182 1742 243 1808 οὐκ
265 1746 354 1829 ἔχον,
378 1745 458 1827 ὅπερ
478 1742 533 1809 καὶ
555 1754 683 1830 χεῖρον·
708 1745 791 1810 ὥστε
813 1747 851 1810 τὸ
875 1746 1000 1829 ἄλογον
1022 1744 1119 1811 ἕνεκα
1140 1755 1202 1812 τοῦ
1216 1765 1278 1806 9411.
1326 1829 1327 1844 ρ

144 1865 169 1906 1⁵
183 1851 286 1930 λόγον
310 1851 452 1935 έχοντος.
499 1850 536 1914 έν
560 1845 597 1915 δὲ
623 1858 669 1938 τῷ
697 1853 799 1934 λόγον
822 1853 932 1936 ἔχοντι
956 1850 973 1916 ὁ
996 1859 1091 1928 νοῦς·
1118 1852 1201 1917 ὥστε

181 1964 242 2021 τοῦ
273 1963 338 2019 νοῦ
371 1954 468 2021 ἕνεκα
500 1956 608 2020 ιιύυτοι
641 1950 727 2021 εἶναι
765 1955 940 2038 ἀναγκάζει
971 1955 992 2039 ἡ
1025 1956 1201 2036 ἀπόδειξις.

180 2069 242 2125 τοῦ
271 2058 302 2125 δ’
330 2055 373 2125 αὖ
405 2069 469 2126 νοῦ
497 2062 535 2125 αδ
564 2064 698 2145 νοήσεις
728 2061 905 2148 ἐνέργειαι,
939 2063 1071 2148 δρύσεις
1103 2059 1202 2130 οὖσαι

182 2173 329 2251 νοητῶν,
363 2166 408 2244 ὡς
439 2175 501 2233 τοῦ
533 2167 690 2254 ὁρατικοῦ
724 2167 872 2254 ἐνέργεια
905 2169 989 2257 δρῦν
1020 2171 1061 2235 τὰ
1089 2170 1201 2256 ὁρατά.
1326 2161 1327 2234 1

181 2278 332 2359 νοήσεως
370 2267 433 2338 οὖν
468 2268 524 2339 καὶ
560 2283 624 2340 νοῦ
661 2273 801 2360 <ἕυεκα>
838 2275 946 2341 πάντα
983 2276 1096 2362 αλρετδι
1132 2288 1202 2355 τοῖς

145 2399 171 2438 2⁰
184 2380 389 2470 ἀνθρώποις,
409 2386 500 2466 ελιιερ
519 2382 560 2446 ιδ
578 2377 639 2466 μέν
657 2383 741 2447 ἄλλα
758 2391 816 2466 τῆς
834 2390 942 2467 ψυχῆς
960 2381 1058 2448 ἕνεκα
1077 2384 1200 2469 αἱρετοί,

182 2496 265 2564 νοῦς
289 2485 326 2552 δὲ
349 2490 386 2554 τὸ
409 2485 583 2571 βέλτιστον
605 2499 674 2554 τῶν
696 2491 779 2554 κατὰ
801 2489 913 2574 ψυχὴν
937 2491 1053 2573 μόνον,
1079 2499 1140 2556 τοῦ
1164 2489 1201 2556 δὲ

181 2596 355 2678 βελτίστου
387 2595 428 2658 τδι
455 2595 539 2659 ἄλλα
572 2593 753 2679 συνέστηκε
785 2595 895 2681 χοίρινι
938 2596 1040 2661 πάλιν
1069 2593 1106 2662 δὲ
1133 2607 1201 2664 τῶν

181 2701 388 2783 διανοήσεων
415 2699 592 2787 ἐλεύθεραι
619 2697 680 2784 μὲν
703 2696 790 2784 ἦσαν
813 2702 889 2767 ὅσαι
914 2698 960 2765 δι’
988 2702 1089 2780 αῦτδις
1112 2704 1200 2789 αλρε-

180 2809 249 2888 ταί,
286 2807 423 2882 δούλαις
455 2801 492 2871 δὲ
525 2804 666 2872 ἐοικυῖαι
703 2808 740 2872 αλ
775 2802 820 2873 δι’
856 2809 940 2874 ἄλλα
978 2810 1040 2893 τὴν
1070 2819 1200 2892 γνοῦσιν

141 2929 167 2970 2⁵
181 2912 429 2998 ἀπερείδουσαι·
455 2923 606 2998 κρεῖττον
634 2909 671 2978 δὲ
698 2924 869 3000 πανταχοῦ
896 2918 934 2982 τὸ
960 2913 1005 2980 δι’
1033 2915 1114 2981 αὑτὸ
1139 2925 1200 2981 τοῦ

182 3012 226 3084 δι’
262 3020 358 3103 ἄλλο,
395 3019 446 3084 ὅτι
477 3017 532 3084 καὶ
568 3021 605 3084 τὸ
638 3019 820 3106 ἐλεύθερον
852 3030 914 3088 τοῦ
950 3023 996 3107 μὴ
1032 3023 1199 3090 τοιούτου.
1326 3015 1327 3084 1

180 3124 362 3212 χρωμένων
390 3125 431 3209 δὴ
463 3135 531 3190 τῶν
562 3126 714 3212 πράξεων
745 3137 785 3213 τῇ
820 3129 968 3216 διανοίᾳ,
1000 3127 1064 3193 κδν
1098 3129 1200 3206 αὐτὸς

186 3244 1199 3356 —ddffldusqueadmediume.xssex0erptasuntAristoteliea.
1326 3205 1327 3296 1

183 3353 224 3408 cf.
232 3353 371 3422 Bywater‚
379 3355 474 3408 Journ.
484 3354 516 3408 of
520 3355 591 3408 Phil.
598 3354 623 3406 ΙΙ
631 3359 732 3422 δοεηη.
748 3354 851 3421 Hirzel,
859 3357 985 3412 Herm.X
995 3357 1089 3428 [1876]
1097 3362 1132 3412 83
1139 3375 1199 3426 sqq.

256 3498 289 3545 10
303 3493 445 3614 ρελτίουος
458 3489 512 3560 dd?
527 3495 536 3562 ΙΙ
551 3499 584 3548 13
605 3489 664 3548 ἐστι
676 3493 787 3547 vitelli:
808 3491 882 3549 εἶναι
896 3497 906 3565 ΙΙ
921 3501 953 3551 19
971 3499 1038 3566 (non
1053 3499 1098 3568 16)
1113 3496 1200 3554 ἕνεκα

182 3561 293 3618 addidit
328 3563 455 3615 ulcanius
468 3563 478 3629 11
492 3566 525 3614 21
540 3559 630 3632 μόνον
644 3566 805 3632 suspectum
818 3567 828 3634 11
842 3571 875 3622 27
891 3563 977 3630 αὐτὸς
991 3563 1006 3622 ὃ
1022 3569 1090 3631 νοῦς
1104 3569 1198 3624 Schol.
