2674 3932
435 299 437 302 Ι
456 226 729 283 PROTREPTICUS
749 231 782 298 (ε.
797 228 856 296 rv).
1121 226 1163 290 19

66 412 126 452 4⁸1<
150 389 286 465 ἐόντος
318 387 553 455 ἐνδέδασται
585 388 650 455 καὶ
681 389 744 455 ταί
775 393 965 474 σαμασίαι
994 392 1059 470 [τε]
1087 399 1164 454 τῶν

71 576 74 580 ,
149 497 357 582 ὀνομάτων
375 520 414 561 τε
432 494 498 562 καὶ
517 495 708 582 ῥημάτων.
749 483 836 572 τοϊς
855 492 1016 580 μὲνγὰρ
1036 497 1163 580 φθόγ-

147 625 234 695 γοις
261 599 488 686 τᾶς’φωνᾶς
514 605 632 679 τόπος
665 601 886 686 ἀφώρισται
918 600 1071 687 φάρυγξ
1098 599 1163 666 καὶ

147 712 270 793 στόμα
297 706 361 774 καί
384 708 501 795 ῥῖνες.
549 709 677 793 ὥσπερ
708 703 750 772 δέ
777 718 853 772 τῶν
877 709 1082 792 φθόγγων,
1111 702 1160 772 δι’

28 845 29 850 ’
148 809 200 880 ὧν
219 816 263 879 τά
283 815 461 898 ὀνόματά
479 811 595 880 τεκαὶ
610 797 762 900 ῥήματα
780 815 1009 899 τυπούμενα
1023 816 1189 897 σαρκί-5

146 944 271 1003 νεται,
310 919 476 1004 γέγονεν
514 923 726 1006 ἄνθρωπος
764 921 952 1003 ὄργανον,
988 920 1088 985 οὕτω
1122 915 1163 985 δὲ

64 1045 129 1088 16A.
146 1024 210 1092 καὶ
233 1038 309 1093 τῶν
334 1026 540 1110 νοαμάτων
568 1025 609 1091 ἐν
631 1024 943 1102 τοϊςέόντεσσιν
966 1028 987 1106 †
1011 1024 1163 1104 ὀπτιζο-

146 1132 290 1218 μένοις.
337 1135 455 1218 ἐργον
488 1135 631 1217 σοφίας
662 1140 779 1197 τοῦτο
812 1133 924 1197 δοκεῖ
953 1153 1018 1216 μοι
1050 1125 1162 1215 ἦμεν,

145 1235 235 1304 ποθ’
262 1239 355 1325 ὅπερ
378 1237 442 1305 καὶ
465 1238 604 1322 γέγονε
622 1237 882 1304 καὶσννέστα
910 1238 928 1304 ὁ
952 1223 1163 1333 ἅνθρωπος

145 1343 210 1410 καί
242 1347 391 1431 όργανα
422 1342 463 1410 δὲ
494 1335 559 1410 καί
586 1345 783 1428 δυνάμεις
810 1349 948 1429 είλαφε
980 1346 1082 1429 παρά
1111 1353 1161 1408 τῶ
1176 1363 1202 1402 1⁰

146 1451 247 1517 θεῶ.’
293 1453 375 1535 αὕτη
408 1451 428 1535 ἡ
457 1453 580 1537 ἔφοδος
608 1448 661 1516 ἐπὶ
693 1453 754 1535 τὴν
785 1452 978 1538 προτροπὴν
1011 1450 1074 1515 άπὸ
1105 1458 1163 1534 τῆς

148 1559 279 1643 φύσεως
315 1558 431 1641 γέγονε
468 1566 529 1622 τοῦ
561 1557 755 1642 ἀνθρώπου.
803 1560 835 1623 εί
869 1559 933 1643 γάρ
970 1558 1162 1641 σοφώτατός

148 1664 218 1729 ἐστι
240 1661 295 1728 καὶ
317 1669 488 1748 θεωρῆσαι
514 1664 555 1727 τά
579 1664 666 1728 όντα-
687 1664 844 1744 δυνατός,
873 1671 930 1745 τῆς
956 1668 1163 1747 θεωρητικῆς

148 1770 251 1836 αὐτὸν
278 1766 334 1834 καὶ
360 1773 559 1858 θεολογικῆς
586 1769 708 1853 σοφίας
736 1769 790 1832 δεῖ
814 1766 1075 1833 ἀντιποιεῖσθαί
1107 1766 1162 1833 καί

147 1883 238 1961 εἴπερ
258 1875 440 1959 ἐπιστήμην
458 1872 514 1940 καὶ
533 1877 701 1960 φρόνησιν
715 1877 830 1957 λαβεῖν
845 1873 1001 1939 ἁπάντων
1016 1874 1161 1956 δύναμιν
1176 1893 1201 1934 15

70 2000 131 2040 6οΚ
146 1985 213 2067 ἔχει
239 1983 329 2067 παρά
359 1991 417 2066 τῆς
445 1981 592 2066 φύσεως,
624 1982 686 2064 την
719 1980 952 2064 άποδεικτικὴν
979 1980 1161 2064 ἐπιστήμην

145 2089 249 2154 αὐτὸν
272 2089 326 2152 δεῖ
346 2089 561 2172 μεταδιώκειν
584 2086 639 2152 καί
663 2089 724 2172 τὴν
742 2089 825 2153 κατὰ
848 2089 1024 2173 φρόνησιν
1038 2087 1160 2172 ἀρετὴν

146 2194 190 2269 ὥς
223 2193 361 2276 μάλιστα
394 2193 482 2281 αὐτῷ
515 2193 717 2278 πρέπουσαν.
770 2193 855 2259 διότι
886 2218 923 2276 γε
956 2195 1022 2278 μην
1051 2177 1160 2259 ἐνετυ-

121 2300 279 2364 πώσατο
321 2297 357 2363 ἐν
394 2297 482 2385 αὐτῷ
519 2299 557 2363 τὸ
593 2305 692 2364 θεῖον
728 2300 765 2364 τὸ
802 2307 863 2364 τοῦ
898 2301 1021 2375 παντὸς
1057 2302 1160 2381 λόγου

145 2405 310 2488 σύστημα,
343 2402 380 2467 ἐν
403 2393 429 2491 ᾦ
452 2401 508 2467 καί
530 2404 571 2467 τά
599 2405 670 2486 είδη
694 2403 801 2468 πάντα
824 2414 891 2468 τῶν
915 2405 1023 2469 όντων
1046 2402 1102 2469 καὶ
1125 2405 1162 2468 αί
1173 2424 1199 2464 εο

145 2513 303 2596 σημασίαι
327 2508 552 2595 ἐνυπάρχουσι
574 2521 641 2575 τῶν
661 2509 836 2594 ὀνομάτων
859 2532 891 2574 τε
914 2507 969 2574 καὶ
993 2508 1159 2594 ῥημάτων,

145 2618 200 2682 διά
222 2624 322 2682 τοῦτο
344 2625 402 2700 τῆς
425 2621 561 2699 λογικῆς
584 2615 687 2681 αὐτὸν
711 2618 914 2701 φιλοσοφίας
940 2615 1048 2700 πάσης
1071 2615 1160 2682 άντι·

97 2773 99 2778 ,
144 2725 375 2807 λαμβάνεσθαι
398 2724 572 2808 προσήκει,
602 2722 714 2806 ἐπειδὴ
744 2722 784 2786 οὐ
814 2732 881 2787 τῶν
904 2713 1159 2807 σημαινομένων

144 2831 251 2913 μόνον
279 2829 357 2912 (διὰ
384 2839 452 2893 τῶν
480 2830 644 2913 φθόγγων
678 2829 846 2914 όργανον>
876 2827 1015 2912 γέγονεν
1051 2829 1068 2895 δ
1102 2831 1159 2895 άν-

144 2941 297 3019 θρωπος,
329 2934 412 2999 άλλά
441 2931 496 2998 καὶ
524 2944 592 2999 τῶν
619 2934 796 3018 νοημάτων
824 2945 891 3000 τῶν
919 2934 956 3000 ἐν
983 2947 1053 3012 τοῖς
1081 2931 1158 3001 οὖσι
1172 2954 1199 2994 2⁵

234 3132 248 3179 1
269 3121 450 3196 ειεεεαιειι]
471 3124 505 3180 ει.
525 3125 667 3196 Kiessling
685 3091 721 3180 id
741 3127 797 3182 vit.
816 3126 899 3196 Pyth.
917 3145 945 3196 p.
962 3132 1014 3206 410
1029 3129 1057 3198 (ς
1072 3129 1135 3196 201)
1149 3128 1158 3200 η

143 3231 201 3303 ταὶ]
226 3251 272 3285 ται
295 3234 305 3301 ΙΙ
326 3250 357 3286 τε
377 3231 454 3286 delet
473 3230 497 3284 Κ
520 3231 529 3300 ΙΙ
552 3237 567 3284 3
591 3210 641 3295 τάς
659 3211 758 3301 φωνάς
772 3234 811 3301 117
833 3228 1026 3302 όπτιζομένοις
1045 3249 1157 3303 corrup·

144 3306 217 3357 tum:
243 3298 433 3371 όπτιζομὲνων
452 3302 535 3357 Gale:
559 3297 752 3373 ὄπτιζομένοις
769 3301 884 3370 θεαρός.
909 3303 1059 3357 καὶτοῦτο
1079 3306 1163 3358 δοκεῖ
1243 3307 1245 3314 ’

145 3371 257 3444 (deletis
273 3371 355 3441 ἔργον
370 3374 482 3443 σοφίας)
500 3373 612 3442 scripsit
625 3372 651 3426 K
664 3378 674 3441 ss
688 3382 703 3429 8
719 3378 833 3442 σοφίας·
848 3375 954 3462 τοῦτογ
968 3379 983 3428 9
998 3369 1070 3428 ποθ’
1087 3368 1157 3444 ὅπερ

143 3443 308 3499 Vulcanius:
327 3440 398 3498 πόθ’
420 3437 492 3511 άπερ
532 3449 564 3498 18
585 3441 780 3499 ἐνετνπάσατο
799 3443 911 3499 Vitelli:
930 3440 1129 3516 ανετνπάσατο
1148 3445 1158 3516 ll

144 3520 178 3569 24
197 3511 246 3569 διὰ
265 3516 321 3570 τῶν
340 3511 477 3585 φθόγγων
498 3534 622 3584 οργανον
641 3517 751 3571 addidi:
771 3514 819 3570 διὰ
838 3516 894 3570 τῶν
909 3511 1048 3584 φθόγγων
1068 3514 1157 3584 μόνον

137 3581 202 3655 Ιγέγ.
221 3581 342 3654 δάνθρ,
361 3582 484 3655 ὄργανον
504 3585 575 3640 coni.
595 3586 627 3641 K.

960 3671 992 3723 φ*
