2674 3932
449 219 723 276 PROTREPTICUS
743 221 777 290 (ο.
792 221 876 290 XIII).
1127 222 1168 287 71

154 387 213 464 τῆς
241 379 345 445 ἐκεῖσε
372 385 516 465 πορείας.
561 382 581 466 ἡ
612 378 673 466 μὲν
702 385 767 470 γάρ
799 383 944 469 ἀμείνων
972 386 1061 470 ψυχὴ
1089 387 1170 470 μετά

155 492 248 551 θεῶν
272 489 358 552 οίκεῖ
377 485 434 552 καὶ
456 490 707 574 περιπορεύεται
730 487 800 554 κατ’
828 489 975 575 οὐρανὸν
997 494 1170 575 βελτίονός

154 615 190 658 τε
213 593 336 676 λήξεως
358 595 530 678 τυγχάνει,
553 596 573 679 η
598 592 635 660 δὲ
657 595 784 662 ἀδίκων
807 599 914 681 ἔργων
937 596 1089 682 ἁψαμένη
1113 596 1169 663 καὶ

156 698 392 785 ἀνοσιουργίας
414 704 602 783 πλησθεῖσα
624 699 679 765 καὶ
707 701 858 785 ἀσεβείας
881 706 928 781 είς
953 705 994 768 τά
1017 703 1081 769 ὑπὸ
1104 714 1169 789 γῖγν

156 806 372 892 δικαιωτηρια
395 805 543 872 ἐλθοῦσα
568 808 661 891 δίκης
679 817 737 891 τῆς
759 810 991 894 προσηκούσης
1009 813 1196 894 μεταλαγ-5

154 912 257 994 χάνει.
295 907 343 978 ὧν
368 914 409 997 δὴ
432 911 528 978 ἕνεκα
552 914 614 998 χρὴ
637 922 704 979 κάν
722 925 842 999 ποιεῖν,
866 917 950 982 ὥστε
973 916 1090 1000 ἀρετῆς
1113 915 1168 981 καὶ

155 1020 351 1101 φρονήσεως
373 1018 410 1084 ἐν
432 1027 478 1107 τῷ
502 1022 564 1108 βίῳ
589 1029 776 1105 μετασχεῖν·
799 1023 902 1086 καλὸν
920 1023 984 1107 γάρ
1003 1023 1039 1087 τὸ
1059 1017 1168 1088 ἀθλον
1294 1057 1300 1066 ·

76 1122 211 1188 εεεμκαῖ
229 1123 250 1207 ἡ
269 1123 361 1201 ἐλπὶς
378 1125 511 1209 μεγάλη.
549 1124 750 1193 καὶτούτων
769 1128 811 1211 δη
830 1125 926 1194 ἕνεκα
944 1135 1086 1214 θαρρεῖν
1104 1130 1168 1213 χρὴ

156 1228 230 1314 περὶ
253 1239 291 1316 τῇ
316 1229 437 1297 ἑαυτοῦ
460 1240 548 1316 ψυχῇ
567 1233 685 1317 ἀνδρα,
710 1233 800 1310 ὅστις
818 1232 855 1298 ἐν
874 1241 918 1321 τῷ
943 1237 1006 1322 βίῳ
1025 1235 1084 1312 τάς
1106 1232 1168 1319 μὲν

155 1338 255 1414 ἀλλας
273 1337 397 1420 ἡδονάς
414 1340 473 1414 τάς
490 1337 565 1423 περὶ
584 1340 622 1403 τὸ
637 1349 730 1422 σῶμα
748 1336 804 1403 καὶ
822 1342 900 1417 τοὺς
913 1342 1059 1426 κόσμους
1077 1346 1167 1408 εῖασε
1182 1361 1209 1400 1⁰
1227 1349 1229 1354 ’

153 1447 297 1529 χαίρειν,
325 1445 370 1522 ὡς
397 1444 593 1530 ἀλλοτρίους
619 1469 654 1510 τε
683 1447 782 1522 ὄντας
808 1444 863 1511 καὶ
891 1445 993 1513 πλέον
1020 1447 1168 1528 θάτερον

61 1569 138 1615 κοειε.
152 1548 362 1633 ἡγησάμενος
385 1549 642 1635 ἀπεργάζεσθαι,
673 1552 730 1627 τάς
758 1547 795 1616 δὲ
818 1550 894 1637 περὶ
916 1553 953 1617 τὸ
977 1554 1167 1637 μανθάνειν

147 1653 342 1720 ·ἐσπούδασε’
362 1677 396 1720 τε
423 1654 478 1721 καὶ
501 1639 669 1740 κοσμήσας
697 1657 759 1740 την
781 1658 893 1740 ψυχὴν
918 1657 979 1722 οὐκ
1001 1657 1165 1746 ἀλλοτρίῳ

153 1761 237 1827 ἀλλά
259 1768 305 1848 τῷ
328 1759 445 1845 ἑαυτῆς
463 1765 587 1850 κόσμῳ,
611 1763 813 1848 σωφροσύνη
833 1786 867 1828 τε
890 1760 945 1827 καὶ
968 1763 1166 1851 δικαιοσύνη

151 1866 206 1933 καὶ
235 1867 372 1956 ἀνδρείᾳ
399 1867 455 1934 καὶ
488 1868 663 1956 ἐλευθερίᾳ
689 1866 749 1933 καῖ
771 1869 929 1957 ἀληθείᾳ,
961 1870 1047 1936 οὕτω
1074 1891 1166 1956 περι·
1180 1890 1207 1931 15

151 1973 242 2058 με’νει
266 1976 328 2059 την
351 1977 398 2052 είς
417 1973 535 2040 ’Ἅιδου
557 1979 711 2058 πορείαν,
740 1976 785 2054 ὡς
811 1979 1057 2062 πορευσόμενος
1084 1979 1166 2044 ὅταν

150 2079 171 2163 ἡ
195 2079 375 2164 εἱμαρμένη
399 2085 491 2166 καλη.
532 2082 660 2148 τούτων
680 2083 721 2166 δὴ
746 2077 807 2148 οὖν
830 2082 937 2160 οὕτως
959 2083 1104 2168 ἐχόντων
1123 2085 1166 2151 οὐ

151 2187 328 2271 χρημάτων
361 2188 415 2251 δεῖ
445 2185 672 2272 ἐπιμελεῖσθαι
704 2189 793 2265 ὅπως
820 2191 912 2254 ἔσται
942 2190 987 2266 ὡς
1015 2196 1163 2276 πλεῖστα,

152 2287 232 2356 οὐδὲ
256 2290 354 2376 δόξης
376 2291 432 2358 καῖ
454 2303 564 2378 τιμῆς,
592 2293 676 2358 ἀλλά
702 2296 897 2378 ’φρονήσεως
923 2294 979 2360 καὶ
1003 2295 1164 2379 ἀληθείας

150 2396 205 2462 καὶ
228 2407 286 2482 τῆς
308 2407 429 2483 ψυχῆς,
458 2399 547 2476 ὅπως
569 2400 614 2476 ὡς
637 2401 788 2483 βελτίστη
813 2401 912 2465 ἔσται.
959 2401 1000 2466 οὐ
1023 2403 1086 2487 γάρ
1111 2405 1163 2468 δεῖ
1177 2422 1205 2461 2⁰

56 2539 59 2544 ,
149 2505 190 2568 τά
222 2505 379 2570 πλείστου
410 2504 485 2583 ἀξια
516 2503 593 2591 περὶ
625 2505 798 2590 ἐλαχίστου
830 2511 1015 2590 ποιεῖσθαι,
1052 2510 1092 2574 τά
1125 2506 1163 2575 δὲ

150 2612 341 2696 φαυλότερα
372 2609 447 2695 περὶ
478 2615 640 2689 πλείονος.
691 2612 767 2678 οὔτε
804 2611 967 2695 σωμάτων
1000 2607 1062 2679 οὖν
1094 2613 1163 2680 ἐπι-

150 2720 325 2800 μελεῖσθαι
352 2715 429 2781 οὔτε
456 2718 633 2804 χρημάτων
661 2719 715 2784 δεῖ
738 2720 918 2805 πρότερον,
949 2716 1029 2786 οὐδὲ
1057 2721 1163 2802 οὕτως

150 2823 282 2907 σφόδρα
306 2823 350 2899 ὡς
367 2831 426 2906 τῆς
448 2833 565 2908 ψυχῆς,
589 2825 678 2901 ὅπως
700 2825 751 2901 ὡς,
767 2823 883 2910 ἀρίστη
908 2826 1012 2892 ἔσται·
1036 2827 1077 2892 οὐ
1098 2829 1162 2916 γάρ

150 2928 187 2993 ἐκ
208 2930 385 3014 χρημάτων
408 2929 506 3013 ἀρετη
529 2932 692 3013 γίγνεται,
719 2924 790 2996 ἀλλ’
817 2930 850 3010 ἐξ
873 2931 990 3017 ἀρετῆς
1012 2935 1162 3018 χρήματα
1176 2951 1202 2992 2⁶

149 3018 212 3100 καῖ’
227 3030 328 3100 τάλλα
351 3034 463 3118 ἀγαθά
485 3047 554 3113 τοῖς
578 3036 770 3121 ἀνθρώποις
796 3037 903 3102 πάντα
929 3035 986 3103 καὶ
1014 3039 1083 3126 ἰδίᾳ
1106 3038 1163 3105 καὶ

220 3251 244 3300 3.
260 3252 276 3300 ι
290 3243 307 3316 ἡ
319 3246 350 3300 ει
362 3241 469 3300 datum
481 3277 514 3286 -
524 3242 742 3317 μεταλαγχάνει]
758 3247 792 3301 α.
802 3246 874 3300 Ριιι.
886 3245 1002 3300 phaedr.
1013 3265 1040 3316 p.
1052 3251 1104 3302 κιο
1114 3248 1139 3300 A
1152 3248 1163 3320 η
1215 3215 1218 3220 ’

148 3321 222 3442 §.og
237 3317 468 3456 ξὶαὲὸῖῖι-αεΒδοα.
483 3335 510 3386 p.
527 3323 578 3371 114
588 3317 731 3372 0-115A
745 3320 754 3386 ΙΙ
769 3323 810 3372 17.
825 3335 852 3386 p.
864 3322 933 3388 72,1
949 3317 983 3371 οῖ.
997 3318 1070 3373 Plat.
1086 3319 1161 3388 apol.

222 3587 254 3635 17
273 3583 344 3653 καλῇ
364 3584 409 3650 (ex
423 3581 455 3652 P)
476 3581 614 3652 Scaligert
633 3586 721 3639 καλεῖ.
