2674 3932
166 200 209 264 36
578 198 770 254 ιιυειιοοι

165 371 232 426 τῶν
255 362 367 426 άλλων
386 359 424 438 δς
446 363 565 446 ἔχομεν
584 361 738 446 ἐπιταγῆς
760 357 961 445 δυνάμεων),
986 362 1127 444 ἔμπαλιν
1147 356 1184 426 δὲ

166 465 221 533 καὶ
244 468 302 544 τάς
324 467 458 553 πράξεις
480 465 535 532 καὶ
553 468 661 532 πάντα
685 469 725 532 τά
744 469 828 533 άλλα
846 469 929 552 πρὸς
947 475 1032 532 νοῦν
1051 464 1107 531 καὶ
1124 467 1184 532 τὸν

167 576 252 640 θεὸν
276 573 488 657 συντακτίον,
512 572 566 639 καὶ
591 574 655 640 ἀπὸ
678 575 800 639 τούτου
823 572 877 638 καὶ
900 584 967 639 τῶν
985 575 1067 638 τατά
1086 572 1185 659 μέρος

168 683 387 764 καθηκόντων
414 683 451 746 τὸ
480 681 677 764 εὐλόγιστον
705 679 959 766 άναμετρητέου.
1011 682 1123 745 δικαία
1150 702 1185 745 τε

140 789 231 872 ογδρ
258 785 314 852 καὶ
341 784 411 851 κατ’
439 785 534 865 ἀξίαν
561 787 582 870 ῆ
611 791 719 873 κρίσις
744 785 801 852 καὶ
828 790 913 872 μόνη
942 797 1058 852 πασῶν
1089 787 1185 869 ίκανῆ

167 895 229 978 τῆν
252 893 420 977 άληθινῆυ
449 893 642 978 ἀνθρώποις
669 894 888 978 εὐδαιμονίαν
915 894 1185 978 παρασκευάζειν.
1201 909 1277 950 10οΚ

170 991 197 1088 ᾦ
216 1001 279 1084 γάρ
298 1009 365 1064 τῶν
380 1000 491 1063 άλλων
505 999 710 1085 διαφέρομεν
729 996 833 1088 ζῴων,
853 999 889 1064 ἐν
907 1001 1000 1088 μόνῳ
1020 1001 1060 1084 δῆ
1079 1001 1186 1088 τούτῳ

168 1113 214 1194 τῷ
239 1109 302 1192 βίφ
327 1106 514 1190 διαλάμπει,
539 1095 565 1193 ᾦ
590 1106 652 1172 οῦκ
674 1101 716 1189 ῆν
735 1129 767 1170 τι
785 1109 887 1191 τυχὸν
904 1103 960 1171 καὶ
980 1106 1021 1171 οὐ
1040 1107 1187 1191 μεγάλην

170 1215 247 1296 ἔχου
271 1211 375 1290 ἀξίαν.
412 1215 516 1294 λόγου
537 1209 599 1296 μὲν
616 1213 681 1297 γάρ
699 1210 756 1278 καὶ
779 1215 975 1298 φρονήσεως
993 1214 1094 1298 μικρά
1112 1236 1188 1278 τινα

130 1337 156 1376 10
169 1315 224 1384 καὶ
243 1317 280 1383 ἐν
295 1317 434 1398 ἐκείνοις
448 1320 651 1403 αίθύγματα,
670 1322 792 1404 σοφίας
810 1317 848 1384 δὲ
861 1326 1068 1404 θεωρητικῆς
1083 1329 1187 1385 ταῦτα

170 1421 231 1509 μὲν
262 1431 431 1503 παντελῶς
463 1427 600 1511 άμοιρα,
633 1428 750 1510 μόνοις
779 1422 816 1491 δὲ
844 1425 974 1511 με’τεστι
1002 1432 1110 1502 θεοῖς·
1143 1427 1189 1503 ὡς

171 1533 351 1616 αίσθῆσεσί
370 1557 408 1616 γε
431 1531 486 1598 καὶ
509 1532 627 1617 ὁρμαῖς
650 1537 783 1598 πολλῶν
810 1534 875 1617 ῆδη
900 1529 993 1621 ζῴων
1015 1542 1073 1616 τῆς
1096 1532 1187 1617 άκρι-
1327 1603 1328 1614 ¹

171 1641 264 1721 βείας
290 1636 346 1702 καὶ
373 1648 430 1722 τῆς
460 1639 573 1722 ίσχύος
601 1641 747 1704 λείπεται
775 1640 969 1724 ἄνθρωπος,
999 1637 1055 1704 καὶ
1082 1642 1189 1723 μόνον

171 1754 271 1811 τοῦτο
295 1747 401 1821 όντως
420 1744 551 1828 άγαθὸν
570 1743 806 1830 ἀναφαίρετον,
831 1744 849 1809 ὃ
869 1746 910 1829 δῆ
928 1743 1094 1830 περιέχειν
1112 1760 1189 1827 συγ·
1327 1771 1328 1824 η

35 1897 40 1909 ,
132 1868 157 1909 15
171 1859 319 1935 χωροῦσι
341 1851 403 1933 τῆν
428 1859 490 1915 τοῦ
514 1851 647 1933 άγαθοῦ
674 1853 825 1933 ἔννοιαν,
853 1851 1008 1936 οὐδαμῶς
1035 1848 1097 1936 μὲν
1119 1862 1189 1928 τοῖς
1204 1867 1267 1909 3822-

171 1965 328 2041 τυχηροῖς
355 1956 597 2033 ὑποτάττοντος
625 1955 744 2022 ἑαυτὸν
771 1959 854 2022 κατὰ
881 1965 1002 2023 τοῦτον
1029 1959 1089 2023 τὸν
1113 1960 1190 2041 βίον

173 2071 235 2126 τοῦ
258 2063 460 2144 σπουδαίου,
491 2063 554 2128 άπὸ
583 2059 619 2128 δὲ
641 2073 709 2128 τῶν
732 2063 934 2151 ὑποχειρίων
960 2071 1001 2150 τῆ
1023 2065 1106 2150 τύχη
1130 2065 1190 2147 μά-

172 2173 269 2233 λιστα
293 2167 333 2250 δῆ
356 2167 492 2232 πάντων
516 2166 636 2234 ἑαυτὸν
660 2169 958 2255 ἐλευθερώσαντος.
1005 2171 1057 2235 διὸ
1076 2168 1188 2235 καὶτὸ

173 2281 316 2359 θαρρεῖν
346 2272 379 2352 ἐξ
407 2272 487 2358 ὅλης
513 2283 572 2358 τῆς
597 2274 731 2359 γνώμης
764 2275 801 2340 ἐν
832 2276 939 2365 τούτφ
973 2277 1191 2342 διατελοῦντα

134 2399 161 2440 ιο
175 2383 283 2446 ἔνεστι
305 2387 350 2469 τῷ
375 2382 446 2468 βίῳ.
492 2383 584 2458 τίνος
606 2382 670 2466 γάρ
693 2385 743 2459 τίς
761 2382 865 2448 αὐτὸν
886 2382 1106 2468 άφαιρῆσεται
1129 2383 1189 2447 τὸν

173 2488 274 2553 πάλαι
288 2497 355 2552 τῶν
375 2486 601 2572 ἀφαιρεθῆναι
616 2488 697 2553 οίωυ
715 2511 750 2553 τε
770 2486 889 2554 ἑαυτὸν
908 2488 1187 2574 άλλοτριώσαυτα,
1203 2507 1282 2547 1023·

174 2595 293 2678 ἔχοντα
317 2589 354 2659 δὲ
376 2595 436 2658 τὸν
454 2595 559 2669 όντως
578 2591 698 2658 ἑαυτὸν
721 2591 775 2659 καὶ
798 2598 903 2673 ζῶντα
926 2594 963 2660 όν
981 2605 1051 2672 τοῖς
1070 2593 1192 2660 ἑαυτοῦ

174 2697 230 2766 καὶ
252 2700 459 2784 τρεφόμενον
488 2698 552 2764 άπὸ
579 2710 646 2772 τῶν
669 2699 774 2765 αὑτοῦ
797 2699 932 2785 καὶτῆς
955 2701 1141 2786 άμετρῆτου
1164 2692 1191 2788 ᾦ

177 2814 342 2888 συνῆπται
364 2809 450 2870 θεοῦ
473 2805 624 2883 εόζωίαςς
647 2815 797 2872 τοιαῦται
817 2805 880 2892 μὲν
904 2803 966 2873 οὖν
989 2808 1070 2894 ἡμῖν
1093 2811 1191 2873 ἔστω-

136 2929 163 2970 ντ
177 2927 240 2976 σαν
273 2911 311 2974 αί
345 2912 429 2996 πρὸς
461 2911 523 2993 τῆν
559 2912 767 2997 τελειοτάτην
799 2917 923 3000 σοφίαν
955 2911 1192 3000 Πυθαγορικαλ

179 3018 410 3105 παρακλήσεις.

265 3123 321 3190 VI.
350 3118 440 3190 Ἐπεὶ
469 3120 505 3189 δὲ
534 3123 727 3209 ἀνθρώποις
750 3128 988 3213 διαλεγόμεθα,
1018 3122 1090 3193 ἀλλ’
1116 3125 1193 3211 οῦχλ

176 3241 246 3307 τοῖς
268 3232 331 3314 τῆν
352 3233 452 3296 θείαν
471 3241 593 3315 μοῖραν
615 3239 672 3315 τῆς
696 3235 778 3316 ζωῆς
795 3236 973 3320 πρόχειρον
992 3236 1116 3318 ἔχουσι,
1140 3233 1195 3298 δεῖ

249 3399 284 3447 οο
303 3397 344 3458 τις
362 3413 413 3450 ser.
432 3394 470 3448 K:
491 3415 533 3458 τις
546 3398 556 3466 η
569 3393 629 3468 τοι]
648 3367 714 3452 τεὸν
737 3401 746 3469 η
769 3403 802 3452 21
827 3387 1057 3470 ειιοιρπσαιιῖ,
1073 3398 1143 3454 item
1157 3403 1191 3453 τε

180 3483 328 3614 ἔγοντίνφῖθ
347 3478 479 3616 ζῶνἎίΚελ
494 3499 527 3548 23
542 3493 719 3564 τρεφόμενον
738 3511 771 3549 ex
789 3493 953 3566 τρεφομὲνω
967 3499 1024 3567 1127
1040 3513 1062 3552 ο.
1077 3494 1193 3552 VL‘VII

180 3587 215 3608 =
233 3578 257 3615 ο.
342 3578 386 3630 ap.
454 3605 507 3670 ,s
