2674 3932
169 177 213 240 60
576 173 766 230 IAMBLIGHI

168 345 281 402 ταῦτα.
319 337 444 402 οὐκοῦν
462 341 527 402 είτε
541 338 704 421 φρόνησίς
722 335 800 419 ἐστι,
825 338 975 421 φανερὸν
994 337 1046 401 ὅτι
1063 338 1179 420 μόνοις

170 443 212 508 άν
234 442 377 527 ύιιάρχοι
404 453 473 519 τοῖς
500 445 701 527 φιλοσόφοις
722 445 759 507 τὸ
784 445 842 526 ζῆν
865 441 1086 526 εὐδαιμόνως,
1114 447 1179 508 είτε
1195 467 1281 507 τινα.
1314 475 1325 536 ⁴]

170 548 269 634 ἀρετὴ
301 557 408 632 ψυχῆς
439 546 460 630 ἢ
491 549 528 613 τὸ
561 550 703 633 χαίρειν,
736 546 799 612 κάν
831 547 937 624 οὕτως
967 545 988 630 ἢ
1017 550 1132 631 μόνοις
1158 547 1179 632 ἢ

171 654 310 738 μάλιστα
332 654 481 718 πάντων·
508 653 607 737 ἀρετη
635 654 698 737 γάρ
726 651 796 717 έστι
821 654 859 717 τὸ
885 654 1090 737 κυριώτατον
1112 664 1180 719 τῶν

144 760 209 828 εέν
231 760 327 845 ἡμῖν,
353 760 492 842 ἥδιστόν
518 782 553 824 τε
579 759 714 823 πάντων
741 755 831 823 ἐστὶν
859 760 903 836 ὡς
930 759 967 824 ἓν
995 761 1077 843 πρὸς
1099 759 1180 842 ivs}

172 868 344 950 φρόνησις.
391 864 513 948 ὁμοίως
536 861 573 932 δὲ
594 862 657 930 τιδιν
680 873 783 928 ταῦτα
804 863 912 928 πάντα
936 864 1040 929 ταύτά
1061 872 1109 949 φη
1131 887 1181 942 τις

172 965 337 1055 εἶναιτὴν
356 970 583 1054 εὐδαιμονίαν,
603 968 754 1054 ὁριστέον
772 967 841 1035 ἐστὶ
859 971 897 1034 τὸ
913 979 1062 1054 φρονεῖν.
1098 971 1181 1036 ὥστε

172 1073 420 1160 φιλοσοφητέον
443 1075 485 1141 άν
508 1082 558 1158 είη
577 1083 657 1140 ιιᾶσι
675 1087 745 1152 τοῖς
765 1075 976 1160 δυναμένοις·
999 1075 1020 1160 ἣ
1043 1077 1107 1160 γάρ
1130 1098 1182 1140 τοι

172 1178 261 1247 τοῦτ’
283 1179 352 1246 ἐστὶ
374 1183 411 1247 τὸ
435 1179 553 1257 τελέως
575 1177 613 1246 εὖ
637 1185 705 1264 ζῆν,
727 1181 748 1265 ἣ
772 1181 912 1273 μάλιστά
929 1204 967 1264 με
985 1181 1120 1247 πάντων
1138 1183 1183 1260 ώς

133 1313 159 1355 10
172 1288 210 1352 ’ἓν
234 1289 338 1377 εἰπεῖν
360 1294 468 1352 αῖτιον
494 1297 566 1364 ταῖς
590 1296 720 1370 ψυχαῖς.
766 1281 837 1352 ἀλλ’
863 1286 1011 1352 ἐνταῦθα
1038 1284 1099 1370 μὲν
1127 1289 1183 1352 διὰ

172 1395 210 1459 τὸ
233 1393 322 1477 παρά
344 1394 450 1477 φύσιν
473 1398 552 1468 ίσοις
574 1387 660 1457 εἶναι
682 1394 720 1456 τὸ
743 1391 840 1475 γένος
862 1392 956 1476 ἡμῶν
979 1395 1122 1476 χαλεπὸν
1143 1396 1182 1459 τὸ

173 1499 359 1583 μανθάνειν
382 1522 414 1563 τι
436 1497 492 1563 καὶ
515 1508 651 1563 σκοπεῖν
674 1498 758 1580 ἐστι,
780 1497 836 1564 καὶ
858 1501 952 1583 μόλις
975 1499 1182 1583 αἰσθάνοιτο,

174 1605 230 1669 διά
260 1606 322 1687 τὴν
355 1604 481 1689 ἀφυΐαν
512 1601 567 1669 καὶ
593 1604 655 1687 τὴν
686 1606 775 1689 τιαρά
807 1605 911 1689 φύσιν
945 1607 1043 1688 ζωήν·
1075 1605 1118 1671 άν
1145 1603 1186 1670 δέ

173 1731 253 1776 τιοτε
272 1712 474 1794 δυνηθῶμεν
493 1716 646 1793 σωθῆναι
664 1711 764 1775 πάλιν
783 1711 866 1775 ὅθεν
885 1710 1105 1795 ἐληλύθαμεν,
1126 1713 1183 1794 δη·

135 1840 161 1882 τι
175 1821 235 1881 λον
259 1818 303 1893 ὡς
325 1818 424 1900 ἥδιον
446 1813 501 1881 καὶ
525 1815 610 1902 ῥᾷον
634 1815 714 1881 αὐτὸ
742 1819 924 1900 ποιήσομεν
945 1817 1073 1894 πάντες.
1118 1825 1183 1882 νῦν

173 1919 320 2007 μὲνγὰρ
344 1920 517 2005 ἀφειμένοι
538 1931 606 1986 τών
629 1919 767 2004 ἀγαθῶν
791 1922 1006 2006 διατελοῦμεν
1024 1924 1184 2007 πράττον·

173 2049 227 2104 τες
248 2029 288 2091 τά
311 2025 484 2109 ἀναγκαῖα,
509 2023 564 2090 καὶ
587 2026 728 2110 μάλιστα
750 2026 884 2092 πάντων
907 2027 942 2091 οί
962 2029 1102 2111 μάλιστα
1125 2053 1184 2113 μα-

174 2133 285 2217 κάριοι
308 2133 485 2206 δοκοῦντες
507 2126 594 2195 εἶναι
616 2141 686 2209 τοῖς
704 2136 851 2208 πολλοῖς·
874 2131 933 2197 ἐάν
952 2129 989 2198 δὲ
1009 2142 1067 2217 τῆς
1086 2133 1185 2219 ούρα-

175 2243 250 2316 νίας
272 2238 355 2304 ὁδοῦ
377 2237 556 2321 λαβώμεθα
579 2235 634 2301 καὶ
657 2235 710 2302 ἐπὶ
730 2238 767 2301 τὸ
787 2237 958 2321 σύννομον
981 2240 1104 2325 άστρον
1122 2241 1184 2324 την
1198 2240 1271 2336 iisz'

135 2367 162 2406 ιο
177 2346 262 2428 ζωὴν
289 2345 351 2428 την
379 2342 506 2408 ἑαυτῶν
534 2342 775 2427 ἀπερείσωμεν,
807 2346 880 2408 τότε
912 2349 1186 2431 φιλοσοφήσομεν

176 2454 293 2529 ζῶντες
319 2449 454 2532 ἀληθῶς
480 2446 536 2514 καὶ
566 2449 733 2532 θεώμενοι
760 2450 905 2533 θεωρίας
932 2449 1122 2535 ἀμηχάνους
1147 2454 1185 2517 τὸ

175 2557 309 2638 κάλλος,
337 2555 539 2634 ἀτενίζοντες
560 2562 599 2638 τη
622 2560 711 2650 ψυχῇ
733 2555 816 2637 πρὸς
837 2553 900 2636 την
923 2553 1084 2639 ἀλήθειαν
1107 2555 1185 2641 ἀρα-

176 2665 280 2745 ρότως
306 2659 360 2726 καὶ
383 2661 550 2743 θεώμενοι
573 2659 634 2742 την
656 2669 723 2724 τών
750 2665 842 2723 θεῶν
865 2657 985 2744 ἀρχήν,
1009 2661 1186 2747 εὐφραινό-

176 2791 271 2851 μενοι
288 2764 343 2832 ιιαὶ
356 2767 527 2849 χαίροντες
541 2773 686 2849 συνεχῶς
700 2763 763 2829 ἀτιὸ
777 2773 837 2830 τοῦ
855 2771 1010 2851 θεωρεῖν,
1028 2767 1186 2850 ἡδόμενοι

176 2909 389 2920 nna-—

266 2980 299 3029 19
319 2969 365 3030 ἐπὶ
384 2969 416 3029 τὸ
436 2971 512 3028 σύνν.
532 2969 647 3044 ἄστρον]
668 2973 702 3028 cf.
719 2972 791 3028 Plat.
807 2973 877 3030 Tim.
893 2994 919 3046 p.
935 2982 967 3030 42
978 2975 1008 3030 B.
1024 2977 1033 3044 ΙΙ
1047 2982 1079 3030 21
1091 2993 1131 3045 sq.
1151 2976 1184 3032 ef.

175 3046 247 3100 Plat.
264 3045 345 3100 Civis.
360 3045 386 3098 X
405 3063 432 3114 p.
447 3045 533 3099 6le
551 3043 625 3106 θέας
643 3040 807 3114 ἀμηχάνους
824 3043 856 3099 τὸ
875 3044 983 3109 κάλλος.

266 3246 281 3293 7
301 3235 428 3306 αλρετὲον
448 3239 579 3293 emendat
592 3237 745 3293 Vulcanius
758 3239 767 3306 Η
782 3242 815 3292 12
836 3231 915 3310 <δὶν>
934 3237 1102 3294 αἰσθάνοιτο
1121 3241 1185 3295 seri·

176 3309 312 3364 bendum:
335 3328 376 3370 τις
400 3308 466 3363 addi
484 3309 575 3363 voluit
591 3309 625 3376 A,
648 3325 702 3375 quo
725 3309 809 3362 facile
833 3309 988 3363 carebimus
1011 3312 1057 3378 (ci.
1078 3310 1185 3377 Bonitz,

176 3379 237 3434 Ind.
251 3379 337 3433 Arist.
352 3397 378 3448 p.
394 3375 470 3449 5891’,
480 3385 513 3434 47
528 3381 609 3447 sqq.).
642 3376 763 3432 conicias
777 3377 863 3431 etiam
876 3377 959 3446 plura
973 3381 1108 3435 excidisse
1121 3388 1187 3449 poss

177 3445 373 3504 αἰσθάνεσθαι
390 3451 400 3518 ΙΙ
418 3455 451 3503 19
471 3446 610 3517 σύννομον
630 3447 653 3500 Α
673 3447 703 3500 in
722 3445 883 3515 castigati:
907 3446 1031 3520 σύνομον
1054 3451 1084 3504 in
1106 3453 1186 3506 textu

177 3520 207 3572 et
224 3535 292 3572 rurs.
311 3518 342 3571 in
360 3536 448 3586 marg.
