2670 3932
190 193 232 258 96
600 193 791 249 IAMBLIOHI

190 362 272 421 σθαι
300 358 467 440 μεγίστην.
512 357 595 441 πρὸς
623 356 664 439 θη
691 355 837 437 τούτοις,
866 353 900 433 ἐξ
925 349 966 419 ού
989 355 1031 420 ἀν
1054 377 1104 432 τις
1126 356 1204 437 βού-

190 466 285 546 ληται
309 460 411 540 δόξαν
434 463 523 548 παρὰ
541 472 611 538 τοῖς
631 459 824 545 ἀνθρώποις
842 463 958 543 λαβεῖν
976 458 1032 525 καὶ
1052 469 1205 538 τοιοῦτος

190 569 374 651 φαίνεσθαι
405 559 475 644 οἷος
501 566 543 631 ἀν
570 558 609 652 ᾗ,
642 566 759 631 αύτίκα
788 568 841 631 δεῖ
864 565 945 634 νέον
971 589 1007 631 τε
1039 565 1204 651 ἀρξασθαι

189 672 244 738 καί
268 673 468 759 έπιχρησθαι
486 673 575 761 αὐτῷ
595 673 728 758 ὁμαλῶς
746 671 871 738 ἀείκαὶ
889 674 932 758 μὴ
952 674 1069 738 ἄλλοτε
1087 673 1203 751 ἄλλως.

163 776 438 866 ῡσυγχρονισθέν
461 777 522 865 μὲν
545 781 609 864 γάρ
637 779 776 845 ἕκαστον
798 780 928 844 τούτων
949 776 1006 843 καὶ
1029 778 1146 844 αὐτίκα
1168 802 1204 845 τε

190 885 377 971 ἀρξάμενον
394 883 450 950 καὶ
473 882 688 970 συναυξηθέν
707 887 753 962 είς
771 882 865 962 τέλος
883 885 1044 970 λαμβάνει
1067 883 1204 968 βέβαιον

189 993 251 1076 τὴν
279 991 381 1071 δόξαν
408 989 464 1057 καὶ
490 993 528 1058 τὸ
555 991 651 1068 κλέος
679 993 735 1056 διά
761 989 854 1074 τάδε,
883 991 934 1057 ὅτι
959 991 1151 1056 πιστεύεταί
1169 1013 1205 1057 τε

190 1099 255 1181 ἤθη
279 1097 536 1180 ἀνενάοιάστως,
565 1095 620 1163 καὶ
648 1097 667 1162 ὁ
694 1100 827 1181 φθόνος
853 1107 921 1162 τῶν
949 1097 1139 1181 ἀνθρώπων
1164 1096 1294 1162 02528211u

190 1207 436 1287 προσγίγνεται,
457 1201 501 1268 δι’
521 1203 560 1269 ὃν
578 1205 619 1269 τὰ
637 1201 699 1288 μὲν
713 1204 775 1269 ούκ
794 1201 954 1282 αὔξουσιν
969 1197 1043 1268 οὐθ’
1060 1202 1206 1287 εὐλόγως

151 1327 177 1366 10
191 1310 372 1394 μηνύουσι,
401 1310 441 1373 τὰ
469 1305 506 1374 δὲ
533 1311 799 1388 καταψεύδονται
828 1311 1034 1393 μεμφόμενοι
1057 1309 1146 1393 παρά
1167 1309 1205 1374 τὸ

191 1416 331 1479 δίκαιον.
379 1414 419 1479 οὐ
455 1415 520 1499 γάρ
556 1414 622 1498 ἡδὺ
657 1425 728 1491 τοῖς
763 1414 957 1499 ἀνθρώποις
992 1415 1095 1479 ἀλλον
1131 1416 1206 1479 τινά

189 1529 289 1606 τιμᾶν
308 1518 419 1606 (αὐτοὶ
437 1522 501 1605 γάρ
521 1523 757 1605 στερίσκεσθαί
771 1544 863 1597 τινος
880 1517 1067 1607 ἡγοῦνται),
1090 1543 1205 1605 χειροι-
1326 1595 1327 1602 χ

126 1709 129 1714 ,
189 1625 308 1703 θέντες
336 1622 373 1691 δέ
403 1626 468 1691 ὑπὸ
495 1635 553 1709 τῆς
581 1627 727 1711 ἀνάγκης
754 1627 855 1710 αὐτῆς
881 1624 936 1691 καὶ
959 1627 1042 1691 κατὰ
1065 1627 1205 1710 σμικρὸν
1326 1643 1327 1724 ρ

191 1731 226 1798 έκ
262 1737 389 1798 πολλοῦ
426 1731 626 1817 ἐπαχθέντες
661 1732 829 1799 ἐπαινέται
860 1730 916 1798 καὶ
951 1733 1087 1809 ἀκοντες
1118 1732 1206 1816 ὅμως

151 1856 176 1896 1⁵
190 1842 377 1922 γίγνονται·
405 1840 471 1924 άμα
500 1834 537 1903 δέ
564 1837 619 1904 καὶ
648 1839 710 1904 οὐκ
737 1839 1022 1925 ἀμφιβάλλουσιν,
1050 1845 1115 1904 είτε
1142 1839 1206 1922 ἀρα

189 1953 342 2020 τοιοῦτος
369 1945 549 2030 ἀνθρωπός
576 1944 666 2010 ἐστιν
694 1937 764 2022 οἷος
792 1947 961 2029 φαίνεται,
990 1944 1010 2028 ἢ
1039 1943 1207 2030 ένεθρεύει

190 2047 245 2114 καὶ
277 2051 459 2134 θηρεύεται
494 2051 556 2133 τὴν
589 2048 690 2128 δόξαν
724 2049 777 2116 ἐπὶ
810 2050 932 2136 ἀπάτη,
969 2048 1023 2118 καὶ
1056 2050 1076 2114 ἃ
1106 2061 1205 2133 ποιεί,

190 2163 292 2220 ταῦτα
315 2157 552 2234 καλλωπίζεται
581 2155 790 2241 ὑπαγόμενος
817 2159 896 2234 τοὺς
923 2156 1139 2241 ἀνθρώπους·
1169 2155 1206 2221 έν
1313 2213 1316 2222 ,

191 2261 306 2349 ἐκείνῳ
331 2258 369 2326 δὲ
395 2269 441 2348 τςθ
470 2264 597 2349 τρόπῳ,
625 2252 651 2348 ᾧ
680 2261 745 2345 έγὼ
773 2273 950 2347 προεῖπον,
978 2261 1162 2346 ἀσκηθείσα
1184 2261 1293 2345 ἡιιεΑ.
1323 2265 1325 2270 ’

153 2385 179 2426 2⁰
193 2367 292 2452 ἀρετὴ
315 2370 429 2433 πίστιν
452 2365 582 2453 ἐμποιεῖ
602 2366 679 2453 περὶ
699 2366 817 2453 ἑαυτῆς
834 2366 890 2434 καὶ
909 2369 1069 2433 εὔκλειαν.
1106 2365 1205 2434 ἑαλω-

191 2477 283 2550 κότες
305 2475 368 2559 γάρ
392 2474 456 2557 ἤδη
480 2475 563 2539 κατὰ
587 2475 624 2538 τὸ
649 2476 787 2559 ίσχυρὸν
807 2475 842 2539 οί
862 2475 1037 2559 ἄνθρωποι
1060 2474 1136 2539 οὔτε
1158 2481 1205 2561 τῷ

191 2583 313 2665 φθόνῳ
333 2581 381 2644 ἔτι
401 2581 562 2646 δύνανται
580 2587 726 2664 χρῆσθαι
745 2581 822 2646 οὔτε
841 2579 1031 2646 ἀπατᾶσθαι
1049 2582 1097 2645 ἔτι
1116 2585 1206 2645 οίον-

190 2709 253 2751 ται.
295 2688 342 2750 ἔτι
363 2680 401 2749 δὲ
419 2682 474 2750 καὶ
492 2684 511 2749 ό
530 2687 650 2770 χρόνος
673 2687 787 2751 συνὼν
809 2683 870 2770 μὲν
894 2684 1018 2774 ἑκάστῳ
1041 2688 1127 2773 έργῳ
1150 2682 1206 2750 καὶ
1323 2701 1324 2763 γ

191 2792 358 2876 πράγματι
385 2791 490 2866 πολύς
517 2788 573 2855 καὶ
601 2791 657 2855 διὰ
687 2799 816 2877 μακροῦ
843 2793 1000 2877 κρατύνει
1026 2793 1064 2858 τὸ
1087 2791 1207 2857 ἀσκού-

152 2913 178 2954 25
192 2919 306 2981 μενον,
329 2895 348 2960 ό
372 2891 409 2960 δέ
433 2895 544 2978 ὀλίγος
567 2898 688 2982 χρόνος
711 2897 752 2962 οὐ
776 2897 916 2963 δύναται
943 2906 1041 2962 τοῦτο
1065 2896 1206 2981 ἀπεργά-

193 3007 316 3082 ζεσθαι.
352 2999 407 3067 καί
426 2999 545 3086 τέχνην
564 2999 625 3086 μὲν
644 3003 687 3067 όίν
711 3025 761 3080 τις
782 3005 844 3086 τὴν
862 3005 944 3068 κατά
963 3006 1083 3088 λόγους
1100 3005 1207 3069 πυθό-
1317 2963 1323 3042 ἀ

191 3133 292 3194 μενος
305 3106 361 3173 καὶ
375 3109 496 3194 μαθὼν
510 3107 552 3174 οὐ
566 3110 687 3193 χείρων
703 3117 764 3176 τοῦ
783 3110 1002 3185 διδάσκοντος
1019 3107 1061 3174 ἀν
1075 3107 1205 3192 γένοιτο
1321 3103 1322 3160 ι

192 3215 229 3280 έν
261 3215 363 3302 ὀλίγῳ
395 3217 520 3302 χρόνῳ,
558 3214 657 3299 ἀρετὴ
695 3212 732 3281 δὲ
763 3217 834 3299 ἥτις
865 3214 899 3296 ἐξ
934 3218 1041 3300 ἔργων
1072 3221 1207 3281 πολλῶν
1221 3233 1297 3273 2841.

193 3324 397 3403 συνίσταται,
421 3320 545 3404 ταύτην
569 3316 607 3384 δέ
630 3322 691 3406 οὐχ
710 3314 837 3387 οἷόντε
856 3317 918 3400 ὀψὲ
939 3321 1110 3409 ἀρξαμένῳ
1130 3323 1206 3387 ούτε

1320 2025 1326 2112 ρ

1319 2115 1326 2200 χ

282 3550 298 3597 9
318 3507 389 3599 εοιύ
402 3549 411 3616 χ
424 3552 459 3600 20
479 3511 556 3618 ἕεῖίγ
574 3551 608 3600 ει
623 3544 669 3617 ιε]
684 3565 715 3616 γε
726 3547 763 3602 K:
778 3548 842 3602 fort.
858 3548 893 3618 εὴ
908 3551 918 3618 χ
932 3543 1010 3621 οὔτε]
1026 3549 1112 3605 immo
1127 3544 1205 3604 οεεε.
