2674 3932
459 159 733 268 Ριιοοιιοεοιοοε
752 213 786 282 (ι.
805 211 863 282 ιι).
1048 182 1051 186 ’
1122 211 1166 277 23
1270 171 1272 176 ,

152 371 324 456 σάμενος
350 380 399 460 τῷ
427 374 505 461 νόω
532 367 613 438 κατ’
634 373 809 438 εὐθεῖαν
838 372 1072 459 ὁρμαθήμεν
1101 373 1166 466 καὶ

151 481 461 564 τελεοδρομᾶσαι
497 481 564 557 τάς
606 479 726 566 ἀρχάς
765 481 849 556 τοῖς
890 478 1031 566 πέρασι
1073 498 1166 548 συν-

152 583 304 662 άψαντα
326 582 390 649 καί
409 585 620 669 ἐπιγνόντα
641 587 744 651 διότι
768 584 785 650 δ
808 585 902 661 θεὸς
921 584 1018 670 ἀρχά
1039 608 1079 651 τε
1101 585 1165 653 καὶ

151 688 261 766 τέλος
288 688 351 754 καλ
378 690 610 776 μέσον“ἐντί
637 693 795 757 πάντων
822 701 899 756 τῶν
926 693 1021 756 κατὰ
1049 693 1165 757 δίκαν

151 818 190 859 τε
213 793 367 862 καὶτὸν
391 797 517 882 ὀρθὸν
540 800 660 880 λόγον
683 796 1003 884 περαινομένων.’
1049 809 1191 883 σαφῶςε

152 902 193 984 δή
221 900 276 966 καί
304 902 341 967 ἐν
368 903 499 980 τούτοις
525 904 562 968 τὸ
590 902 683 980 τέλος
712 901 852 987 ἐπέθηκε
882 912 939 988 τῆς
966 908 1164 988 θεολογικής

150 1016 349 1092 προτροπῆς,
373 1010 416 1093 μή
441 1007 599 1076 ἵστασθαι
622 1008 722 1088 ἀξιῶν
743 1007 795 1074 ἐπὶ
814 1018 880 1074 τῶν
898 1015 1034 1075 πολλῶν
1052 1009 1164 1095 ἀρχῶν

149 1111 205 1179 καὶ
232 1116 366 1179 πάντων
393 1124 454 1180 τοῦ
482 1117 579 1192 όντος
605 1127 728 1200 γενῶν,
762 1115 942 1181 ἀναλύσειν
970 1113 1007 1181 δέ
1035 1123 1163 1202 προθυ·
1251 1177 1253 1182 ,

150 1221 316 1304 μούμενος
337 1221 403 1286 ὑπὸ
427 1224 507 1305 μίαν
529 1243 564 1287 τε
582 1219 637 1286 καί
655 1223 717 1305 τήν
736 1222 841 1306 αὐτήν
863 1222 968 1308 ἀρχήν
986 1224 1026 1288 τά
1044 1223 1162 1306 πάντα,

151 1325 215 1390 ἀπὸ
239 1323 276 1390 δέ
297 1335 356 1410 τῆς
378 1335 455 1412 μιᾶς
478 1328 618 1411 διαιρῶν
640 1329 723 1393 κατά
746 1328 893 1414 ἀριθμὸν
912 1327 1099 1414 ὡρισμένον
1121 1331 1162 1394 τά
1177 1349 1202 1388 1⁰

147 1435 291 1514 πλησίον
316 1442 378 1498 τοῦ
406 1432 480 1510 ἑνὸς
505 1432 562 1500 καὶ
584 1435 695 1512 οὕτωςΙ
717 1433 768 1500 ἀεὶ
794 1425 835 1499 τά
863 1435 1062 1521 πορρωτέρω
1087 1434 1162 1520 ἀφι-

148 1539 293 1622 στάμενα
324 1537 379 1604 καὶ
408 1540 837 1624 διιστάμεναέπισκοπῶν,
871 1540 932 1618 ἕως
964 1540 1006 1606 ἀν
1038 1540 1091 1606 ἐπί
1122 1544 1163 1607 τὰ
1236 1533 1238 1540 ’

149 1646 296 1710 σύνθετα
318 1645 375 1710 καὶ
398 1646 434 1711 ἐκ
461 1651 595 1711 πολλῶν
618 1650 842 1730 συνεστηκότα
871 1649 1162 1732 σοναριθμήσηται

71 1766 133 1808 21A·
148 1752 185 1816 τὸ
201 1757 343 1836 πλῆθος·
363 1749 412 1817 ἐπ’
432 1753 531 1836 ἀμφω
546 1777 580 1816 τε
595 1751 682 1818 οὕτω
696 1753 825 1838 προϊὼν
840 1753 953 1829 ίκοινὸς
966 1748 1009 1835 ἦν
1024 1752 1161 1836 ἀνάγειν
1231 1809 1234 1814 .

147 1879 180 1922 τε
204 1856 322 1923 ἐαυτὸν
350 1857 414 1923 ἀπὸ
442 1867 503 1923 τοῦ
530 1860 683 1941 πλήθους
711 1856 763 1925 ἐπὶ
790 1860 828 1924 τὸ
858 1859 896 1923 ἓν
923 1855 977 1923 καί
1005 1860 1161 1943 κατάγειν
1176 1878 1200 1918 1⁵

148 1962 295 2029 ἀπὸτοῦ
323 1961 398 2041 ἑνὸς
426 1962 479 2030 ἐπὶ
505 1965 543 2029 τὸ
571 1970 709 2049 πλῆθος.
757 1962 828 2031 ἐπεὶ
855 1961 892 2029 δέ
919 1962 1059 2048 μάλιστα
1083 1965 1162 2050 ἀλη-

70 2086 133 2126 ῶΚ.
147 2071 243 2146 θείας
264 2068 320 2135 καὶ
348 2073 469 2155 σοφίάς
496 2069 673 2155 ἐφιέμεθα,
702 2069 897 2158 προτρέπων
925 2069 978 2144 ἐπὶ
1004 2072 1067 2154 τήν
1093 2095 1161 2138 τοι-

148 2176 253 2258 αύτην
269 2176 451 2260 ἐπιστήμην
465 2176 662 2259 σοφώτατον
676 2174 731 2241 καί
745 2175 1041 2259 παναληθέστατόν
1056 2193 1161 2261 φησιν

149 2273 235 2343 εἶναι
261 2282 319 2346 τὸν
342 2282 404 2364 τήν
426 2281 585 2365 τοιαύτην
609 2283 812 2367 διαιρετικήν
836 2285 954 2366 ἔχοντα
978 2281 1159 2367 ἐπιστήμην

150 2385 205 2450 διὰ
222 2397 288 2451 τῶν
306 2389 448 2472 πρῶτων
466 2389 568 2452 είδῶν
581 2385 636 2452 καὶ
654 2399 774 2471 γενῶν,
794 2387 982 2470 συνάγοντά
1000 2411 1035 2452 τε
1054 2388 1159 2472 αὐτήν
1174 2409 1200 2448 εο

148 2493 195 2568 είς
216 2493 254 2557 ἓν
277 2493 333 2558 διά
355 2503 413 2577 της
436 2493 603 2579 ὁριστικῆς
625 2492 814 2578 ἐπιστήμης,
839 2500 899 2557 τοῦ
921 2515 957 2556 τε
981 2485 1055 2568 ἕνδς
1078 2495 1159 2559 όντα

145 2601 363 2684 θεωρητικόν,
379 2600 459 2685 ὅπερ
474 2599 567 2676 τέλος
581 2598 651 2666 ἐστὶ
664 2601 771 2684 πάσης
784 2600 937 2684 θεωρίας.
968 2596 1024 2662 καὶ
1037 2599 1159 2667 τούτου
1215 2629 1217 2634 ’

146 2699 177 2768 δ’
208 2689 256 2769 ἐτι
287 2706 492 2790 κυριώτερον
524 2705 655 2796 ἀγαθὸν
689 2705 845 2789 ἐπήγαγε,
882 2706 919 2770 τὸ
953 2705 1062 2791 ὥσπερ
1095 2705 1159 2772 ἀπὸ

145 2819 283 2886 σκοπιᾶς
315 2811 474 2876 ἐντεῦθεν
508 2813 678 2876 δύνασθαι
711 2801 771 2877 τόν
802 2812 888 2877 θεὸν
919 2818 1072 2898 καθορᾶν
1103 2810 1159 2878 καὶ

74 2947 77 2952 ·
145 2916 252 2980 πάντα
278 2918 317 2982 τά
346 2917 383 2983 ἐν
406 2926 445 3002 τῇ
474 2921 646 3003 συστοιχίᾳ
673 2926 734 2982 τοῦ
761 2923 855 2983 θεοῦ.
902 2920 934 2982 εί
958 2920 1021 3004 γὰρ
1050 2920 1158 3003 πάσης
1172 2938 1197 2978 ιι

145 3021 304 3105 ἀληθείας
332 3011 391 3089 ’καὶ
425 3022 638 3106 εὐδαιμονίας
671 3023 785 3099 οὐσίας
816 3047 852 3089 τε
881 3021 936 3089 καί
969 3027 1075 3101 αίτίας
1103 3024 1159 3091 καί

143 3137 211 3193 τῶν
238 3128 351 3214 ἀρχῶν
375 3129 393 3195 ὁ
417 3130 498 3205 θεὸς
525 3129 700 3224 ἐξηγεῖται,
728 3128 957 3224 σπουδαστέον
986 3129 1023 3194 έν
1050 3132 1157 3219 τούτῳ

149 3343 151 3348 ’
215 3325 231 3372 2
246 3318 468 3392 τελεοδρομάσαι
477 3310 491 3391 ἸΙ
505 3317 636 3388 συνάψας
649 3341 679 3374 τε
694 3321 743 3374 καλ
758 3317 890 3444 ἐπιόνοάς
904 3320 1041 3376 Mullaeh:
1060 3325 1158 3376 contra

142 3407 169 3459 p.
189 3396 232 3457 22,
251 3395 286 3444 λδ
307 3387 529 3462 ἐκπορισάμενον
549 3390 569 3446 Ι.
585 3389 666 3446 Oonr.
682 3389 770 3446 Orelli
789 3395 800 3460 (

142 3479 170 3531 p.
182 3465 244 3532 665)
259 3465 268 3532 ΙΙ
282 3468 300 3516 4
314 3458 374 3517 ἐντί
388 3462 525 3518 Μολίοολιι
541 3458 599 3517 ἐστι
613 3463 622 3530 ΙΙ
636 3468 652 3517 8
667 3463 764 3516 malim
778 3407 912 3517 ἀνάἀιύεεῗν
921 3394 980 3529 vvffi,
995 3393 1157 3517 δάιέιάθέἀολῌ

81 3623 82 3628 ,
143 3583 221 3638 gero,
241 3563 380 3622 ἀναλῦσαι
394 3569 403 3637 11
420 3574 452 3622 14
471 3560 489 3639 ᾗ
504 3566 618 3637 scripsit
631 3568 657 3621 K
670 3569 679 3636 ΙΙ
693 3573 727 3621 20
746 3562 819 3620 αύτά
835 3565 934 3620 Vitelli
949 3561 1005 3637 {1'25
1025 3547 1129 3634 ονστόί.
