2674 3932
449 229 722 286 PROTREPTICUS
742 233 775 299 (0.
790 231 847 300 οι).
1111 231 1155 296 53

145 386 247 456 οὐδὲν
272 393 378 456 ἔοικεν
398 390 415 456 ὁ
434 399 585 467 τοιοῦτος
608 391 710 456 εἰδότι
733 393 836 456 καλὸν
854 391 1005 474 κάγαθὸν
1025 389 1104 457 οὐδὲ
1123 395 1159 456 τί

145 503 253 562 αἴτιον
279 504 325 585 τῷ
349 497 625 580 διαγιγνώσκοντι
653 493 708 561 καλ
731 499 912 562 συναίτιον.
959 497 1027 560 ίδοι
1055 493 1086 560 δ’
1113 499 1155 562 άν

145 624 194 678 τις
222 602 272 666 ὅτι
299 603 421 678 παντὸς
449 607 575 686 μᾶλλον
603 601 713 685 άληθή
736 610 839 666 ταῦτα
867 599 1022 686 λέγομεν,
1050 607 1084 666 εί
1106 624 1155 679 τις

144 706 228 791 ήμίις
251 699 324 772 οἷον
348 709 395 785 είς
422 708 580 793 μακάρων
603 709 727 790 νήσους
754 716 793 792 τή
822 708 956 795 διανοίᾳ
978 709 1154 791 κομίσειεν.

145 813 213 878 ἐκεῖ
232 813 296 896 γάρ
320 813 460 890 οὐδενὸς
481 815 575 899 χρεία
599 810 679 879 οὐδὲ
702 824 768 878 τῶν
787 815 898 878 ἄλλων
919 814 1010 889 τινὸς
1033 815 1182 898 ὄφελοςι

144 916 186 984 δν
209 917 351 1002 γίνοιτο,
375 921 481 1002 μόνον
501 915 538 984 δὲ
560 921 788 984 καταλείπεται
810 921 847 984 τὸ
867 921 1077 984 διανοεῖσθαι
1099 918 1155 983 καλ

144 1031 304 1110 θεωρεῖν,
333 1025 434 1108 ὅνπερ
457 1022 512 1090 καὶ
534 1034 600 1091 νῦν
623 1024 802 1110 ἐλεύθερόν
827 1039 936 1109 φαμεν
960 1027 1036 1108 βίον
1059 1018 1154 1089 εἶναι.

125 1132 176 1207 Ἰεί
207 1127 244 1195 δὲ
280 1124 371 1195 ταῦτ’
406 1128 496 1195 ἐστὶν
528 1129 655 1213 άληθή,
692 1139 761 1206 πῶς
793 1129 854 1194 οὐκ
890 1127 932 1194 δν
964 1130 1154 1215 αίσχύνοιτο

146 1235 281 1312 δικαίως
309 1236 397 1312 ὅστις
423 1235 517 1319 ήμῶν
545 1235 696 1315 ἐξουσίας
723 1234 904 1320 γενομένης
934 1234 970 1300 ἐν
998 1236 1156 1321 μακάρων

146 1342 276 1424 οίκήσαι
302 1345 418 1426 νήσοις
445 1342 609 1418 ἀδύνατος
636 1348 686 1424 είη
716 1337 761 1405 δι’
790 1341 922 1424 ἑαυτόνς
956 1341 1081 1406 οὐκοῦν
1114 1341 1154 1406 οὐ
1170 1360 1195 1400 10

145 1448 288 1531 μεμπτὸς
306 1447 324 1513 δ
343 1450 465 1531 μισθός
486 1447 555 1513 ἐστι
577 1456 635 1531 τής
657 1447 836 1532 ἐπιστήμης
858 1457 928 1524 τοῖς
950 1447 1153 1532 ἀνθρώποις,

145 1550 224 1618 οὐδὲ
248 1554 367 1638 μικρὸν
389 1554 426 1618 τὸ
445 1555 647 1636 γιγνόμενον
665 1547 721 1616 ἀπ’
743 1553 844 1636 αὐτῆς
863 1552 1003 1637 άγαθόν.
1045 1553 1155 1635 ὥσπερ

144 1660 208 1743 γάρ
231 1667 289 1742 τῆς
307 1659 532 1741 δικαιοσύνης,
556 1659 601 1734 ὥς
619 1673 724 1742 φασιν
743 1659 778 1722 οί
794 1655 895 1742 σοφοὶ
912 1668 980 1722 τῶν
998 1667 1154 1740 ποιητῶν,

145 1763 182 1829 ἐν
193 1761 311 1829 Ἅιδου
327 1766 530 1847 κομιζόμεθα
548 1765 605 1840 τάς
624 1763 760 1848 δωρεάς,
780 1762 866 1828 οὕτω
885 1771 942 1845 τῆς
960 1765 1155 1846 φρονήσεως

57 1889 131 1931 τινε.
146 1869 182 1935 ἐν
205 1870 362 1956 μακάρων
385 1872 510 1954 νήσοις,
534 1870 579 1947 ῶς
601 1871 716 1935 ἔοικεν.
758 1864 859 1934 οὐδὲν
883 1863 945 1933 οὖν
965 1868 1090 1952 δεινόν,
1114 1867 1155 1933 άν
1171 1887 1195 1928 ιε

5 2055 8 2066 ρ
145 1977 188 2059 μή
219 1979 379 2060 φαίνηται
409 1978 552 2061 χρησίμη
587 1971 671 2041 οὖσα
702 1973 779 2061 μηδ’
811 1973 990 2060 ὠφέλιμος·
1024 1975 1064 2040 ού
1090 1975 1155 2060 γάρ

70 2100 130 2142 ωε.
146 2081 315 2166 ὠφέλιμον
343 2079 413 2147 ἀλλ’
441 2082 575 2165 άγαθήν
603 2082 707 2165 αὐτήν
731 2076 820 2147 εἷναί
847 2104 970 2166 φαμεν,
1000 2078 1079 2146 οὐδὲ
1107 2075 1152 2145 δι’

145 2185 259 2268 ἕτερον
292 2185 374 2250 άλλά
407 2183 450 2250 δι’
487 2185 607 2269 ἑαυτήν
644 2187 813 2270 αἱρεῖσθαι
849 2186 954 2268 αὐτήν
987 2189 1155 2270 προσήκει.

145 2290 255 2375 ὥσπερ
278 2291 342 2375 γάρ
366 2291 412 2366 εἰς
436 2287 617 2374 Ὀλυμπίαν
644 2290 744 2374 αὐτῆς
771 2289 868 2355 ἕνεκα
890 2300 948 2374 τῆς
969 2291 1052 2367 θέας
1074 2290 1154 2355 άπο-

145 2396 329 2479 δημοῦμεν,
367 2393 424 2460 καὶ
460 2397 492 2460 εί
521 2390 626 2479 μηδὲν
662 2391 777 2477 μέλλοι
812 2398 927 2459 πλεῖον
964 2391 1019 2459 ἀπ’
1054 2395 1155 2479 αὐτῆς
1169 2415 1195 2454 ω

144 2503 282 2566 ἔσεσθαι
315 2498 412 2586 (αὐτή
444 2501 507 2585 γάρ
534 2499 555 2583 ἡ
582 2502 709 2584 θεωρία
740 2501 898 2583 κρείττων
925 2505 1058 2567 πολλῶν
1085 2499 1155 2565 ἐστι

145 2603 346 2693 χρημάτων),
379 2602 434 2670 καί
463 2606 503 2669 τά
530 2605 697 2670 Διονύσια
725 2600 761 2669 δὲ
791 2611 988 2688 θεωροῦμεν
1019 2605 1079 2689 οὐχ
1111 2607 1155 2684 ὡς

145 2714 331 2795 ληψόμενοί
359 2733 392 2774 τι
422 2711 511 2796 παρὰ
542 2720 610 2775 τῶν
637 2710 825 2795 ὑποκριτῶν
853 2709 936 2776 ἀλλά
967 2709 1021 2776 καλ
1052 2729 1154 2797 προσ-

145 2816 276 2898 θέντες,
308 2815 431 2893 πολλάς
462 2839 497 2881 τε
530 2817 631 2894 άλλως
663 2813 746 2893 θέας
778 2814 936 2901 ἑλοίμεθα
966 2815 1052 2902 <άν>
1081 2816 1155 2883 άντὶ

145 2926 278 2986 πολλῶν
298 2923 488 3007 χρημάτων·
513 2922 599 2987 οὕτω
622 2921 678 2986 καλ
700 2923 761 3006 τήν
779 2925 928 3008 θεωρίαν
947 2932 1008 2988 τοῦ
1030 2927 1154 3001 παντὸς
1168 2940 1194 2981 ²⁵

145 3027 364 3114 προτιμητέον
391 3028 526 3092 πάντων
553 3037 622 3093 τῶν
649 3028 841 3093 δοκούντων
865 3022 951 3093 είναι
973 3014 1153 3114 χρησίμων.

233 3243 300 3304 θεη.
320 3236 354 3291 ef.
372 3234 457 3290 Arist.
476 3235 557 3304 polit.
576 3239 602 3288 Δ
622 3237 681 3304 (Η).
702 3241 793 3303 13342,
808 3241 840 3289 31
859 3236 869 3304 ΙΙ
890 3241 921 3290 19
932 3252 992 3304 sqq.
1012 3235 1046 3290 ef.
1066 3235 1152 3291 Cicer.

144 3307 227 3362 Tune.
243 3313 267 3374 5,
283 3314 308 3376 3,
323 3313 390 3374 8sq.
409 3304 508 3360 Iambl.
523 3305 579 3360 vit.
594 3304 674 3374 Pyth.
690 3310 724 3360 58
742 3322 769 3374 p.
785 3311 827 3371 39,
843 3311 877 3360 16
887 3323 946 3374 sqq.
961 3305 1068 3361 Nauck.

142 3433 356 3444 ——-—-—

232 3506 248 3553 ν
264 3499 301 3566 τῷ
312 3496 462 3553 deleverim
476 3501 486 3567 ΙΙ
500 3503 534 3552 23
548 3494 717 3567 προιδόντες
727 3497 811 3556 Diels.
822 3498 856 3554 ef.
866 3498 967 3554 Nauck
976 3500 1013 3554 ad
1021 3499 1052 3554 V.
1061 3499 1092 3553 P.
1102 3505 1153 3556 128

142 3573 180 3640 (p.
196 3576 239 3638 93,
254 3575 287 3624 12
303 3569 440 3638 Addend.)
454 3570 463 3637 ΙΙ
477 3575 512 3623 24
530 3563 566 3624 διν
585 3569 694 3624 addidit
711 3570 744 3638 Κ,
764 3570 859 3626 neseio
877 3570 959 3625 unde.
