2674 3932
160 181 205 247 40
571 179 762 236 IAMBLIOHI

163 345 304 428 ἀγαθῶν
326 344 346 427 ἡ
370 347 544 430 φρόνησις.
586 342 628 407 ού
652 343 693 425 δη
723 342 777 406 δεῖ
797 342 936 426 φεύγειν
960 342 1178 424 φιλοσοφίαν,

162 457 253 536 εἴπερ
273 448 364 516 ἐστὶν
381 449 401 534 ἡ
421 447 481 535 μὲν
500 451 696 534 φιλοσοφία,
715 448 868 532 καθάπερ
888 449 1041 532 οἰόμεθα,
1064 450 1178 529 κτῆσίς

162 580 197 624 τε
229 555 285 622 καὶ
321 565 437 642 χρῆσις
473 560 607 640 σοφίας,
644 555 665 638 ἡ
698 551 736 620 δὲ
773 557 877 640 σοφία
908 563 976 619 τῶν
1012 556 1178 638 μεγίστων

163 663 317 746 ἀγαθῶν·
354 658 435 728 οὐδὲ
471 663 522 727 δεῖ
553 661 730 748 χρημάτων
764 657 825 745 μέν
859 659 956 725 ἕνεκα
992 665 1089 725 πλεῖν
1121 655 1174 744 ἐφ’

136 766 362 854 τἩρακλέους
389 769 510 851 στήλας
537 766 593 834 καὶ
620 767 778 843 πολλάκις
804 766 1031 848 κινδυνεύειν,
1063 766 1118 830 διά
1142 761 1179 830 δέ

164 878 331 960 φρόνησιν
354 871 460 960 μηδὲν
483 885 600 940 πονεῖν
623 869 707 958 μηδὲ
731 874 893 937 δαπανᾶν.
930 866 1038 957 ἥμην
1056 871 1179 956 ἀνδρα·

162 981 313 1059 ποδῶδές
340 1005 378 1066 γε
404 990 466 1046 τοῦ
491 985 548 1064 ζην
572 980 655 1046 ἀλλά
682 980 726 1065 μη
754 988 815 1044 τοῦ
843 981 901 1062 ζῆν
925 973 963 1044 εὖ
992 982 1178 1063 γλίχεσθαι,

163 1087 313 1165 καλιαῖς
339 1099 406 1152 τῶν
435 1093 569 1153 πολλῶν
592 1086 696 1152 αὐτὸν
724 1085 926 1152 ἀκολουθεῖν
955 1083 1068 1162 δόξαις
1095 1085 1177 1149 ἀλλά
1192 1101 1270 1141 1121<-

165 1194 209 1279 μὴ
232 1197 311 1272 τοὺς
333 1197 479 1270 πολλοὺς
502 1193 618 1272 ἀξιοῦν
639 1203 712 1269 ταῖς
735 1192 850 1274 αὑτοῦ,
874 1188 929 1258 καὶ
952 1193 993 1256 τά
1016 1188 1077 1276 μὲν
1100 1194 1178 1277 χρή-

126 1319 151 1357 10
165 1323 250 1385 ματα
274 1303 381 1384 ζητεῖν
404 1311 471 1365 τῶν
500 1296 537 1365 δὲ
559 1304 671 1364 καλῶν
699 1300 865 1383 μηδεμίαν
896 1296 1085 1383 ἐπιμέλειαν
1107 1318 1180 1363 ποι-

165 1412 277 1472 εῖσθαι
300 1407 506 1491 τοπαράπαν.

253 1512 321 1578 Καὶ
344 1512 421 1599 περὶ
444 1510 505 1598 μὲν
528 1512 690 1597 ὠφελείας
712 1509 767 1578 καὶ
794 1510 960 1596 μεγέθους
987 1519 1048 1575 τοῦ
1076 1511 1180 1595 πράγ-

165 1642 267 1704 ματος
297 1621 417 1697 ίκανῶς
446 1619 684 1704 ἀποδεδεῖχθαι
711 1621 849 1703 νομίζω,
882 1619 968 1683 διότι
1001 1613 1039 1682 δέ
1068 1620 1180 1703 πολλῷ

166 1722 270 1814 ῥηίστη
297 1738 365 1792 τῶν
393 1728 505 1792 ἀλλων
527 1725 666 1809 ἀγαθῶν
689 1725 710 1809 η
733 1734 846 1810 κτῆσις
867 1725 984 1809 αὐτῆς,
1012 1724 1049 1790 ἐκ
1075 1724 1181 1789 τῶνδε

127 1852 152 1890 ω
166 1835 320 1916 πεισθείη
343 1856 393 1910 τις
416 1835 467 1897 ἀν.
513 1835 551 1898 τὸ
580 1834 644 1917 γάρ
668 1834 747 1917 μητε
771 1837 898 1916 μισθοῦ
921 1831 1011 1916 παρὰ
1032 1841 1100 1896 τῶν
1124 1830 1181 1896 ἀν-

165 1939 314 2026 θρώπων
333 1937 515 2022 γινομένου
533 1949 603 2016 τοῖς
621 1941 859 2023 φιλοσοφοῦσι,
884 1932 929 2002 δι’
951 1937 992 2004 ὃν
1011 1939 1181 2015 συντόνως
1194 1951 1258 1994 4³1³-

166 2045 272 2120 οὕτως
297 2043 337 2108 ἀν
362 2046 616 2128 διαπονησειαν,
646 2045 733 2109 πολύ
760 2067 795 2108 τε
817 2042 1028 2129 »προεμένους
1055 2047 1102 2121 είς
1124 2045 1182 2121 τὰς

167 2151 267 2228 ἀλλος
289 2149 406 2236 τέχνας
424 2152 513 2235 ὅμως
536 2151 568 2230 ἐξ
592 2150 709 2234 ὀλίγου
727 2152 853 2234 χρόνου
875 2149 1018 2228 θέοντας
1040 2155 1182 2235 παρελη-

168 2257 310 2323 λυθέναι
332 2269 403 2334 ταῖς
426 2257 624 2343 ἀκριβείαις,
653 2259 792 2342 σημεῖόν
818 2281 875 2342 μοι
904 2259 998 2322 δοκεῖ
1022 2267 1080 2341 της
1106 2255 1182 2342 περὶ

128 2383 154 2422 20
167 2365 229 2448 την
259 2367 466 2450 φιλοσοφίαν
499 2359 585 2429 εἶναι
616 2363 796 2449 ῥᾳστώνης.
843 2366 890 2428 ἔτι
923 2359 960 2428 δὲ
991 2364 1028 2427 τὸ
1056 2363 1183 2439 πάντας

168 2476 371 2556 φιλοχωρεῖν
399 2468 448 2536 ἐπ’
480 2471 562 2555 αὐτῇ
595 2467 650 2534 καὶ
681 2469 867 2553 βούλεσθαι
899 2469 1071 2554 σχολάζειν
1102 2469 1183 2553 ἀφε-

168 2574 290 2661 μένους
312 2589 380 2642 τῶν
403 2578 514 2642 ἀλλων
538 2576 704 2657 ἁπάντων,
729 2575 770 2639 οὐ
794 2576 913 2660 μικρὸν
931 2578 1109 2659 τεκμήριον
1132 2575 1183 2640 ὅτι

168 2678 245 2767 μεθ’
266 2682 390 2765 ἡδονῆς
408 2680 429 2764 ἡ
448 2682 649 2768 προσεδρεία
666 2685 828 2765 γίγνεται·
851 2693 970 2748 πονεῖν
988 2684 1052 2767 γάρ
1071 2680 1184 2758 οὐδεὶς

169 2787 278 2853 ἐθέλει
301 2790 410 2852 πολῦν
432 2789 567 2872 χρόνον.
608 2788 691 2873 πρὸς
715 2785 752 2852 δὲ
770 2788 902 2865 τούτοις
919 2788 941 2872 ἡ
959 2798 1075 2876 χρῆσις
1093 2794 1183 2855 πλεῖ-

1324 2035 1332 2074 λ

129 2909 250 2959 ετστον
283 2893 435 2979 διαφέρει
467 2895 617 2960 πάντων·
650 2890 731 2959 οὐδὲ
759 2896 823 2980 γάρ
853 2895 986 2961 δέονται
1013 2898 1096 2982 πρὸς
1123 2898 1184 2980 την
1199 2911 1274 2951 1141(-

169 3001 328 3086 έργασίαυ
356 3000 511 3085 ὀργάνων
539 2997 618 3065 οὐδὲ
646 3003 772 3082 τόπων,
804 2997 874 3066 ἀλλ’
903 3002 966 3087 όπη
994 3025 1043 3079 τις
1071 3000 1184 3087 ἀνθῇ

170 3127 383 3136 --ῥ-

241 3200 257 3248 9
276 3189 376 3260 ἀξιοῦν
391 3199 452 3255 ταῖς
467 3188 555 3248 αὐτοῦ
571 3193 634 3263 (εἰσ)
653 3194 775 3247 correxit
787 3210 887 3247 manus
900 3211 998 3249 recens
1011 3211 1099 3263 marg.
1113 3194 1185 3248 Lau-

170 3267 240 3321 rent.
251 3271 294 3331 86,
304 3271 352 3318 29:
366 3259 513 3329 ἀξιοῦντες
526 3260 615 3318 αὐτοῦ
638 3259 655 3317 ύ
666 3264 730 3319 fort.
741 3280 775 3318 ex
783 3259 813 3333 ὖ)
828 3266 837 3332 ΙΙ
853 3271 885 3318 1⁶
899 3263 1054 3335 πέπεισμαι
1066 3264 1116 3320 lib.
1127 3265 1167 3318 111

173 3341 204 3388 16
220 3331 386 3402 φιλοσόφοις
401 3335 524 3389 liberm
538 3337 547 3405 ΙΙ
563 3341 594 3389 17
612 3354 624 3388 ε
638 3355 651 3396 ς
666 3351 720 3389 om.
734 3333 855 3388 liberm
869 3335 878 3402 ζ
892 3341 924 3389 21
943 3332 989 3390 ἐπ’
1006 3337 1081 3390 delet
1092 3336 1179 3402 Rosa

170 3411 205 3460 23
224 3405 392 3473 προοεδρεία
412 3407 478 3472 (non
497 3406 602 3474 aliter)]
622 3405 774 3471 προεδρεία
793 3421 826 3458 ex
845 3421 941 3476 apogr.
956 3407 1042 3462 Rose:
1061 3407 1186 3461 liberm

169 3475 339 3542 προσεδρεία
353 3474 371 3528 f.
389 3471 454 3528 109b
464 3479 509 3542 (ιι-
519 3475 627 3529 Villois.
642 3493 671 3543 p.
685 3481 746 3540 218,
756 3476 801 3540 21)
817 3477 846 3527 et
859 3479 1012 3546 προεδρίαν
1026 3478 1044 3532 f.
1062 3474 1129 3534 106¹>
1140 3481 1185 3548 (ε

171 3544 282 3599 Villois.
297 3561 324 3611 p.
339 3550 401 3611 214,
416 3546 460 3613 14)
475 3547 532 3613 1125
552 3540 638 3599 οῦδὲν
657 3543 711 3613 γὰρ
731 3543 803 3597 liber
816 3544 864 3599 111.
