2674 3932
187 203 229 267 32
599 202 788 258 IAMBLIOHI

188 365 276 441 ὅπως
299 363 341 429 ἀν
363 367 404 430 τά
427 363 488 450 μὲν
507 367 612 451 ἥμερα
630 377 697 430 τῶν
718 366 906 450 ἐπιθυμιῶν
926 367 997 449 είδη
1021 364 1126 452 τρόφη
1146 365 1201 431 καὶ

186 472 381 558 τνθασσεύη,
404 473 444 538 τά
468 469 505 538 δὲ
522 474 622 558 άγρια
641 472 819 557 ἀποκωλύῃ
843 473 1003 556 φύεσθαι,
1027 474 1202 558 σύμμαχον
1322 471 1323 474 “

187 579 409 662 ποιησάμενος
431 577 493 661 τὴν
515 587 576 643 τοῦ
598 584 722 663 θυμοῦΙ
738 579 843 662 φύσιν
865 575 920 642 καὶ
946 587 1041 662 κοινῇ
1065 579 1200 644 πάντων

187 686 384 772 κηδόμενος,
412 687 494 769 φίλα
517 685 739 769 ποιησάμενος
768 685 922 768 ἀλληλοις
945 706 980 749 τε
1002 682 1057 748 καὶ
1081 683 1200 774 ἑαυτῷ,
1215 705 1276 744 ωε
1322 679 1323 774 J

161 791 293 868 εοῧτως
321 791 404 856 αὐτὰ
430 788 559 877 θρέψει.
603 789 659 856 καὶ
682 791 700 857 ὁ
723 787 785 876 μὲν
807 799 958 867 τοιοῦτος
986 792 1069 855 κατὰ
1091 792 1199 856 πάντα

188 899 278 962 ἔσται
306 897 505 981 ἀριστος,,δ
534 894 563 963 δ’
598 897 748 974 ἐναντίος
776 893 877 962 οὐδὲν
905 892 995 979 ὑγιὲς
1026 901 1100 981 ἔχει.
1145 896 1200 964 καὶ

181 1005 224 1069 ’τὸ
247 999 309 1086 μὲν
331 1004 434 1068 καλὸν
454 1003 490 1068 ἐν
508 1011 553 1092 τῳ
572 1006 712 1092 τοιούτῳ
736 1005 947 1088 διαφαίνεται
972 1002 1050 1088 (ὑπὸ
1072 1005 1136 1091 γὰρ
1153 1014 1199 1093 τῳ
1322 1041 1323 1062 ι

186 1112 270 1197 θείῳ
302 1109 343 1174 τδι
374 1111 528 1194 θηριώδη
561 1119 618 1194 τῆς
655 1111 787 1194 φύσεως
818 1110 1062 1197 ὑποτάττεται),
1094 1112 1130 1175 τὸ
1164 1107 1195 1176 δ’
1322 1113 1323 1184 ι

188 1217 326 1301 αἰσχρὸν
349 1215 386 1281 ἐν
408 1224 453 1304 τῳ
478 1215 631 1304 ἐναντίῳ·
655 1217 720 1281 ὑπὸ
743 1217 806 1302 γάρ
824 1224 869 1305 τῷ
894 1216 998 1304 ἀγρίῳ
1017 1218 1054 1282 τὸ
1073 1217 1198 1303 ἥμερον
1322 1235 1323 1304 1

149 1343 174 1381 ιο
189 1324 378 1406 δουλοῦται,
402 1320 457 1388 καὶ
480 1325 517 1388 τὸ
541 1321 713 1407 βέλτιστον
731 1323 796 1388 ὑπὸ
818 1330 864 1410 τῳ
883 1324 1123 1411 μοχθηροτάτῳ
1143 1323 1199 1389 καὶ

171 1430 224 1493 ’τὸ
249 1427 353 1515 ἑαυτῷ
377 1431 553 1494 θειότατον
576 1429 640 1493 ὑπὸ
664 1437 709 1516 τῷ
734 1429 911 1517 ἀθεωτάτῳ
940 1452 975 1494 τε
998 1427 1053 1494 καὶ
1075 1453 1199 1514 μιαρω-
1263 1483 1266 1490 .
1322 1431 1323 1510 χ

186 1536 272 1622 τάτῳ
306 1536 485 1600 δουλοῦται
516 1532 571 1600 καλ
605 1533 657 1600 ἐπὶ
677 1543 726 1620 ’τῇ
760 1535 863 1600 αὑτοῦ
893 1543 981 1620 ψυχῇ
1008 1539 1198 1620 πλημμελεῖ.
1322 1515 1323 1546 ἶ

187 1638 242 1706 καὶ
268 1643 335 1726 μην
362 1643 400 1706 τό
427 1665 465 1724 γε
493 1641 744 1707 ἀκολασταίνειν
774 1642 829 1706 διδ
860 1643 900 1706 τά
932 1651 1069 1706 τοιαῦτα
1098 1641 1199 1708 πάλαι
1213 1662 1276 1702 εειτ

130 1805 136 1820 ,
187 1745 335 1831 ψέγεται,
365 1749 415 1813 ότι
439 1748 565 1813 ἀνίεται
595 1749 631 1814 ἐν
659 1757 703 1836 τῳ
728 1749 869 1836 τοιούτῳ
897 1749 934 1813 τὸ
959 1747 1200 1833 ἐπιθυμητικὸν

150 1873 174 1913 ω
189 1855 235 1930 είς
258 1854 455 1940 ἐλευθερίαν
477 1853 561 1940 πέρα
583 1863 644 1920 τοῦ
668 1853 811 1932 δέοντος.
852 1851 907 1919 καὶ
930 1853 950 1938 η
974 1855 1139 1920 αὐθάδεια
1162 1851 1200 1921 δὲ
1322 1883 1323 1916 f

187 1958 243 2025 καί
280 1961 440 2025 δυσκολία
476 1959 625 2043 ψέγεται,
663 1961 744 2025 ὅταν
781 1960 799 2025 ό
835 1961 946 2045 θυμὸς
985 1961 1200 2048 ἀναρμόστως
1322 1973 1323 2042 ζ

188 2063 325 2149 αὔξηται
347 2064 402 2131 καὶ
426 2069 644 2149 συντείνηται.
685 2066 797 2152 τρυφὴ
819 2063 856 2132 δὲ
879 2064 931 2132 ἐπὶ
954 2075 993 2152 τῇ
1015 2077 1077 2134 τοῦ
1096 2069 1200 2134 αὐτοῦ
1322 2067 1323 2124 ἶ

128 2165 130 2170 ’
188 2169 298 2236 ἀνέσει
313 2170 457 2255 ψέγεται,
478 2171 559 2237 όταν
573 2172 610 2238 ἐν
625 2172 713 2261 αὐτῷ
735 2175 863 2240 δειλίαν
882 2172 1009 2258 ἐμποιῇ.
1046 2178 1201 2240 κολακεία

116 2289 118 2294 ’
189 2273 226 2343 δὲ
247 2276 302 2344 καὶ
326 2278 545 2364 ἀνελευθερία
567 2285 774 2365 παρενοχλεῖ,
799 2281 879 2345 ὅταν
896 2304 946 2357 τις
964 2281 1002 2345 τὸ
1020 2277 1200 2365 θυμοειδὲς
1322 2269 1323 2276 ¹

149 2405 175 2444 νο
189 2385 253 2450 ὑπὸ
276 2393 321 2473 τῷ
347 2384 486 2470 ὀχλώδει
508 2389 619 2473 θηρίῳ
643 2395 733 2471 ποιῇ,
757 2384 812 2451 καὶ
836 2385 932 2452 ἕνεκα
950 2388 1126 2473 χρημάτων
1144 2385 1200 2452 καὶ
1322 2439 1323 2482 η

187 2499 246 2574 τῆς
260 2491 390 2557 ἐκείνου
405 2490 585 2575 ἀπληστίας
603 2494 933 2577 προπηλακιζόμενον
953 2485 1045 2579 ἕθίζη
1066 2493 1101 2558 ἐκ
1119 2492 1200 2558 νόου
1322 2489 1323 2544 λ

188 2595 262 2662 ἀντὶ
290 2597 424 2674 λεόντος
451 2600 598 2680 πίθηκον
625 2601 811 2680 γίγνεσθαι.
856 2596 911 2664 καὶ
940 2595 1042 2666 τάλλα
1071 2597 1108 2664 δὲ
1136 2598 1200 2665 άπὸ
1322 2625 1323 2628 ’

187 2705 309 2768 τούτου
333 2705 416 2786 δῆλα
440 2704 484 2780 ὡς
508 2701 577 2768 ἐστὶ
602 2705 706 2787 δεινά,
731 2705 793 2770 ὅσα
811 2706 849 2769 τὸ
873 2704 1046 2788 βέλτιστον
1065 2706 1101 2771 ἐν
1119 2705 1200 2791 ἡμῖν
1215 2724 1275 2764 331-
1322 2691 1323 2786 λ

188 2803 277 2884 είδος
300 2805 442 2886 ἀσθενὲς
465 2809 688 2894 ἀπεργάζεται.
731 2813 841 2895 μόνως
862 2813 980 2877 τοίνυν
1003 2811 1201 2896 εὐδαιμονη-
1322 2885 1323 2902 χ

149 2932 174 2972 25
189 2930 290 2999 σομεν
313 2914 379 2979 ὑπὸ
401 2922 463 2980 τοῦ
485 2918 583 2980 θείου
606 2915 661 2982 καὶ
692 2921 862 3003 φρονίμου
886 2911 1071 3003 ἀρχόμενοι.
1112 2917 1200 2983 οὕτω
1236 2990 1240 2996 ,
1322 2903 1323 2912 ¹

123 3077 127 3085 .
187 3021 251 3107 γάρ
269 3023 322 3098 είς
345 3021 490 3106 δύναμιν
513 3022 633 3100 πάντες
656 3024 765 3108 ὅμοιοι
789 3023 935 3108 ἐσόμεθα
958 3021 1013 3090 καὶ
1037 3027 1131 3109 φίλοι
1153 3032 1199 3112 τῳ

186 3247 190 3253 ·
278 3215 374 3287 11115
392 3233 441 3287 καλ
459 3228 564 3303 μὴν-
579 3230 693 3295 δέοντος
712 3231 788 3288 Stob.
803 3232 877 3289 Flor.
893 3234 932 3290 VI
945 3239 978 3288 41
993 3234 1070 3288 LMA
1085 3235 1200 3306 (lemma
1322 3223 1323 3288 λ

190 3301 230 3364 εἰς
249 3301 300 3373 [sie
318 3301 399 3358 MdA:
422 3299 436 3356 ὁ
455 3307 539 3359 rubro
557 3303 591 3374 L]
612 3305 784 3372 φιλοσοφίαν
803 3302 913 3374 λόγων).

188 3429 400 3438 ·--—.———-

278 3500 310 3546 11
329 3489 434 3548 ἕαυτοῦ
448 3496 496 3551 PK
502 3517 508 3550 τ
523 3496 586 3552 fort.
603 3492 633 3551 όν
649 3479 724 3567 αὑτῷ
739 3499 749 3566 ΙΙ
765 3503 796 3551 12
812 3494 902 3553 αὑτοῦ
916 3499 956 3552 K:
973 3495 1062 3554 αὐτοῦ
1076 3502 1086 3569 ΙΙ
1101 3506 1134 3554 13
1149 3497 1198 3554 διοὶ

189 3559 223 3618 τά
241 3567 359 3618 τοιαῦτα
378 3581 432 3619 om.
447 3565 608 3636 Stobaeusss
623 3572 654 3621 19
674 3571 844 3638 παρενοχλεῖ
852 3568 963 3639 scripsit
976 3571 1012 3625 K:
1030 3571 1198 3642 ταρενοχλῆ.
