2674 3932
431 223 706 279 Ριιουιιοουιουο
726 226 761 295 (ι.
777 224 835 293 ιιι).

217 385 252 450 οἵ
271 380 301 448 τ’
327 383 467 468 ἀγαθῶν
489 385 590 462 πέλας
613 387 720 451 όντων
745 380 815 451 οὔτ’
842 385 1004 472 ἐσορῶσιν

172 491 249 556 ούτε
271 493 426 576 κλύουσι,
449 493 549 556 λύσιν
572 487 609 556 δὲ
631 501 743 557 κακῶν
765 500 889 577 παῦροι
913 501 1055 558 συνιᾶσι.

126 633 164 697 τὸ
192 634 255 716 γάρ
286 633 385 716 ἐγγύς
412 628 499 698 είναι
526 633 659 717 τάγαθά
685 632 741 699 καί
770 631 1020 718 συμπεφυκέναι
1047 633 1142 716 ἡμῶν

126 747 165 824 τῇ
188 747 277 824 φυγῇ
304 739 440 804 πάντων
464 736 501 804 δὲ
528 739 689 825 ὑπάρχειν
718 741 902 805 οίκειότατα
929 739 1025 823 ημῖν,
1056 745 1142 803 θαυ-

126 839 257 930 μαστῶς
290 845 358 910 ἐστι
394 846 623 931 προτρεπτικά.
675 843 728 911 καί
759 848 796 911 τὸ
833 847 914 930 μήτε
946 844 1030 930 ὁρᾶν
1062 847 1169 929 μήτεε

127 951 278 1035 ἀκούειν,
308 951 374 1017 ὑπὸ
403 949 439 1016 δὲ
466 960 524 1035 τῆς
557 953 746 1034 αίσθησεως
774 952 1037 1033 ἐπισκοτεῖσθαι,
1072 952 1143 1014 δαι-

46 1075 111 1115 3011-
127 1061 251 1141 μονίῶς
279 1060 326 1134 είς
353 1059 413 1142 την
437 1059 560 1143 νοεράν
585 1059 670 1141 ζωὴν
692 1064 890 1144 παρακαλεῖ,
919 1060 964 1135 ῶς
991 1067 1051 1124 τοῦ
1079 1067 1142 1124 νοῦ

127 1167 234 1248 μόνου
257 1161 312 1229 καὶ
336 1163 482 1249 ὁρῶντος
504 1165 612 1230 πάντα
634 1162 689 1229 καὶ
713 1163 903 1241 ἀκούοντος.
945 1161 1022 1248 ηδε
1041 1164 1143 1230 ἀπαλ-

60 1286 116 1327 9A·
130 1272 215 1354 λαγη
239 1280 306 1335 τῶν
328 1281 455 1354 κακῶν,
483 1271 526 1354 ἣν
549 1271 656 1355 ὀλίγοι
678 1277 868 1356 καθορῶσι,
895 1269 1074 1356 προτρέπει
1097 1272 1144 1347 είς

127 1378 188 1460 τὴν
217 1378 315 1442 λύσιν
341 1379 404 1461 τὴν
431 1377 495 1442 ἀπὸ
523 1386 584 1442 τοῦ
612 1378 763 1460 σώματος
793 1375 849 1442 καί
877 1378 938 1460 την
968 1378 1054 1461 ζωὴν
1081 1378 1143 1460 τὴν
1158 1395 1184 1433 10

127 1481 206 1548 καθ’
247 1482 369 1566 ἑαυτὴν
405 1492 463 1566 τῆς
499 1491 623 1567 ψυχῆς,
659 1484 777 1566 ἥντινα
814 1482 954 1567 μελέτην
990 1483 1143 1548 θανάτου

128 1590 430 1674 προσαγορεύομεν.

217 1691 285 1758 Καὶ
317 1694 417 1769 ἀλλος
445 1687 476 1756 δ’
509 1690 578 1756 ἐστὶ
605 1695 843 1778 προτρεπτικὸς
873 1683 995 1779 τρόπος
1027 1692 1144 1776 ἐφεξῆς

129 1799 192 1866 ἀπὸ
215 1809 274 1883 τῆς
302 1801 461 1883 διαβολῆς
490 1810 558 1864 τῶν
585 1811 705 1865 κακῶν.
752 1799 793 1864 ού
820 1801 884 1886 γάρ
913 1799 1051 1865 ἀνεκτόν
1075 1799 1145 1864 ἐστι

127 1907 334 1989 κυλινδρίοις
358 1905 506 1982 ἐοικότας
1159 1922 1184 1962 15

159 2043 271 2113 ἄλλοτ’
288 2045 338 2112 ἐπ’
357 2049 440 2113 άλλα
455 2046 634 2134 φέρεσθαι,
655 2047 816 2133 ἀπείρονα
830 2045 951 2132 πήματ’
969 2025 1113 2132 ἔχοντας.

129 2190 166 2252 τὸ
189 2189 253 2273 γάρ
282 2191 394 2270 βίαιον
415 2187 471 2253 καὶ
495 2189 672 2272 ἀλόγιστον
694 2186 750 2254 καὶ
782 2190 853 2273 είκῇ
876 2192 1066 2276 φερόμενον
1089 2187 1144 2253 καὶ

130 2295 246 2358 ἀλλοτε
279 2292 414 2357 ἀλλοῖον
446 2291 502 2358 καί
533 2295 674 2379 μάλιστα
706 2296 743 2358 τὸ
777 2292 963 2380 ἀπέραντον
995 2296 1015 2379 η
1046 2299 1144 2360 κακία

128 2403 343 2485 παρίστησιν,
368 2398 388 2463 ἀ
413 2401 466 2464 δεῖ
487 2401 714 2486 διαφερόντως
737 2401 884 2483 φεύγειν.

213 2503 261 2570 Ἡ
279 2502 316 2572 δδ
338 2507 419 2589 μετὰ
441 2515 543 2572 ταῦτα
566 2506 682 2590 γνώμη
706 2504 775 2571 ἐστὶ
798 2505 948 2589 τοιαύτη·
1158 2524 1184 2564 ιο

151 2649 258 2734 λυγρά
280 2649 345 2735 γὰρ
369 2650 559 2725 συνοπαδὸς
583 2651 651 2734 ἔρις
673 2648 866 2732 βλάπτουσα
889 2645 1012 2730 λέληθε

152 2757 336 2841 σύμφυτος,
358 2755 401 2839 ἣν
421 2756 462 2821 ού
486 2757 540 2820 δεῖ
559 2756 731 2838 προάγειν,
756 2761 887 2820 είκοντα
913 2751 949 2820 δὲ
973 2755 1120 2839 φεύγειν.

130 2897 279 2962 ἐνταῦθα
305 2894 360 2960 καί
387 2897 424 2960 τὸ
454 2897 565 2962 διττὸν
588 2906 644 2981 τῆς
674 2897 889 2982 ἀνθρωπίνης
917 2897 1049 2981 φύσεως
1072 2895 1143 2961 ἕπε’-

130 3002 231 3086 δειξε,
263 2998 318 3066 καὶ
349 3003 386 3066 τὸ
419 3004 657 3088 παραπεφυκὸς
687 3003 767 3088 ἡμῖν
800 3002 863 3067 ἀπὸ
895 3012 952 3087 της
984 3001 1144 3086 γενέσεως

9 3257 10 3260 ¹
221 3201 307 3262 lsqq.
324 3190 414 3246 (δοται,
428 3193 493 3248 Aur.
509 3210 553 3248 vv.
570 3199 603 3248 55
614 3211 653 3262 sq.
669 3195 678 3262 {l
693 3201 779 3262 bsqq.
795 3193 829 3248 cf.
841 3192 998 3262 Epicharm.
1015 3210 1059 3262 ap.
1070 3193 1143 3246 Mul-

129 3264 216 3322 lachI
227 3283 253 3333 p.
265 3269 316 3318 144
327 3264 450 3334 ([ιοιοοι,
465 3283 492 3333 p.
506 3268 558 3317 255
569 3267 628 3333 sq).
650 3264 705 3319 Vit.
715 3263 798 3334 Pyth.
810 3283 836 3332 p.
849 3269 908 3331 158,
921 3270 952 3318 16
964 3280 1023 3331 sqq.
1043 3265 1143 3318 Nauck

130 3339 159 3391 et
167 3336 240 3390 infra
248 3334 339 3390 Protr.
350 3353 375 3404 p.
389 3340 447 3402 178,
458 3340 492 3390 16
503 3352 563 3404 sqq.
576 3334 674 3390 Kiessl.
690 3336 698 3402 ΙΙ
714 3339 746 3388 11
759 3334 791 3389 ef.
802 3333 874 3389 Plat.
885 3335 1025 3390 Phaedon.
1035 3353 1062 3404 p.
1074 3342 1106 3390 67
1118 3335 1142 3388 D

130 3406 299 3476 (Stallbaum
314 3405 350 3460 ad
364 3425 392 3475 p.
408 3413 443 3460 64
451 3405 486 3478 A)
501 3409 510 3476 ΙΙ
526 3411 558 3460 16
578 3410 607 3462 ελ
625 3411 658 3459 21
669 3422 710 3474 sq.
730 3403 819 3460 Oarm.
838 3405 905 3461 Aur.
923 3423 967 3460 vv.
983 3411 1097 3461 58-60.

132 3517 344 3525 ---

219 3589 234 3637 2
254 3587 333 3638 λύσιν
353 3585 382 3638 θλ
400 3585 510 3639 συνίασι
525 3585 534 3655 ΙΙ
549 3589 582 3638 15
600 3585 759 3654 κυλίνδροις
778 3581 808 3638 Α.
