2674 3932
190 220 232 276 IV
592 219 809 276 PRAEFATIO.

193 385 306 461 ζοντες
332 387 400 448 κτλ.
433 380 660 468 (difficillimis
689 383 1020 466 contemplationibus
1049 385 1209 469 occupati,

192 489 469 574 pulchritudinem
501 490 609 554 animo
641 487 822 554 intuentes'
856 485 943 574 etc),
976 491 1123 574 quamvis
1155 491 1208 556 vel

193 595 348 660 Arcerius
381 617 492 660 verum
525 595 668 660 vidisset
713 595 748 658 P.
774 595 851 678 116,
878 595 918 661 13
952 596 990 660 de
1023 597 1208 662 coniectura

194 701 309 767 scribit
336 701 381 785 μὴ
409 709 561 786 παρορᾶν
588 701 633 765 τὰ
661 700 873 786 ἀπολλύμενα
900 698 956 766 καὶ
980 703 1113 787 dcccii„
1142 703 1207 768 ᾶτε

191 816 251 892 τῆς
278 816 339 872 τοῦ
366 809 494 891 κόσμου
518 810 601 889 κτλ,
629 807 783 872 nimirum
813 809 889 892 quia
911 830 979 873 non
1001 809 1208 874 intellexerat
1319 835 1320 906 ι

191 913 367 998 participia
399 935 439 977 ex
470 914 569 979 verbo
601 921 753 998 παρορᾶν
787 911 821 1002 (i.
849 914 1025 1002 περιορᾶν)
1058 915 1208 998 pendere.

194 1018 227 1083 P.
246 1020 318 1102 122,
332 1020 376 1084 20
400 1019 523 1084 addidit
545 1023 621 1104 post
638 1022 837 1104 μεταλαβεῖν
856 1021 1004 1086 voculam
1023 1019 1070 1105 ἐξ,
1094 1019 1207 1105 ‘quum
1319 1035 1320 1058 ³

194 1124 432 1209 δοκιμάζεσθαι
454 1147 520 1191 non
544 1148 616 1191 cum
640 1127 778 1211 simplici
802 1126 947 1212 genitivo
971 1125 1207 1192 construatur’l

194 1230 317 1297 Contra
326 1231 464 1316 paulo
480 1232 565 1317 quod
579 1254 638 1317 pro
654 1233 793 1298 absurdo
807 1241 948 1316 ποιητοῦ
958 1233 1124 1299 verissima
1134 1255 1207 1299 con·

191 1338 313 1403 iecerat
327 1336 506 1403 Vulcanius
526 1336 639 1424 (immo
657 1337 864 1425 Anonymus)
882 1348 1066 1423 ποιητικοῦ,
1085 1340 1208 1424 sprevit

193 1443 376 1528 Kiessling,
408 1442 500 1509 ‘nam
531 1445 569 1508 τὸ
602 1445 742 1527 ποιητὸν
774 1466 1017 1528 nonnumquam
1044 1444 1130 1510 idem
1158 1449 1208 1510 est

193 1550 279 1634 quod
301 1551 339 1614 τὸ
362 1549 562 1636 ποιητικόν’;
584 1572 687 1634 neque
710 1549 837 1615 felicius
860 1574 893 1635 p.
904 1551 956 1634 34,
966 1551 1010 1616 24
1029 1573 1068 1615 ex
1086 1551 1207 1616 vitiosa

193 1656 460 1741 apographorum
483 1657 644 1742 scriptura
663 1656 700 1720 al
717 1653 747 1720 δ’
765 1658 862 1722 ᾶλλαι
884 1657 942 1740 τὴν
962 1656 1208 1740 ε11οοὶλαίτὴν

192 1764 308 1847 ᾶλλην,
331 1786 405 1829 cum
424 1763 545 1828 dudum
563 1784 632 1827 rem
647 1785 706 1828 acu
721 1764 885 1849 tetigisset
900 1763 1053 1829 Vulcanii
1067 1763 1102 1848 (i.
1117 1762 1205 1828 Ano·

192 1867 300 1954 nymi)
325 1869 510 1932 coniectura
532 1868 570 1933 αλ
590 1865 635 1931 δι’
658 1868 739 1932 ᾶλλο
759 1866 808 1952 (et
826 1869 909 1933 ᾶλλα
928 1869 996 1934 cod.
1016 1868 1116 1957 lllor.)
1135 1870 1206 1952 τὴν.

192 1974 329 2039 Accedit
357 1974 443 2058 quod
470 1977 503 2039 et
530 1974 611 2058 ipsis
640 1973 792 2038 subsidiis
820 1996 903 2058 quae
932 1976 972 2039 ad
996 1998 1127 2040 manum
1149 1974 1205 2039 ha-

191 2080 293 2164 beret,
312 2079 524 2144 Arcerianam
543 2078 614 2144 dico
634 2079 808 2144 editionem
823 2085 856 2144 et
872 2078 1039 2146 Oiaensem
1054 2081 1206 2164 codicem,

193 2185 274 2251 satis
288 2185 502 2272 ‘neglegenter
519 2207 597 2251 usus
617 2183 713 2270 est¹);
734 2207 838 2270 neque
852 2187 1070 2254 Parisiensem
1084 2187 1205 2252 librum

192 2293 263 2377 ipse
288 2291 369 2357 vidit
390 2313 494 2377 neque
518 2289 676 2378 scaligeri
700 2293 956 2374 emendationem
981 2294 1037 2359 sed
1061 2315 1205 2377 perscru-

193 2402 284 2464 tatus
305 2401 355 2464 est
374 2397 523 2463 editionis
538 2397 734 2464 Arcerianae
754 2402 936 2484 exemplum
955 2401 989 2463 in
1006 2396 1206 2462 bibliotheca

192 2504 331 2570 Senatus
354 2503 533 2587 Lipsiensis
562 2507 778 2588 asservatum,
808 2505 897 2568 cuius
927 2503 1129 2588 marginibus
1152 2503 1205 2567 vir

193 2609 324 2694 quidam
348 2607 463 2673 doctus
488 2608 662 2693 adscripsit
686 2630 767 2692 quae
789 2630 827 2672 ex
847 2609 955 2674 codice
974 2608 1152 2674 Parisiensi
1169 2609 1205 2674 in

190 2715 400 2779 Bcrolinenso
431 2713 581 2779 editionis
610 2713 806 2780 Arcerianae
835 2715 1019 2799 exemplum
1045 2713 1203 2781 Nicolaus

190 2819 357 2906 Rigaltius
385 2820 600 2884 transtulerat
627 2816 669 2905 (v.
692 2820 882 2905 Kiesslingii
904 2819 1044 2886 Praefat.
1066 2844 1098 2906 p.
1116 2821 1204 2906 XII).

190 2924 243 2991 Ita
266 2926 390 2992 factum
414 2929 465 2992 est
487 2928 524 2990 ut
547 2925 709 2990 interdum
728 2924 893 3012 scaligero
913 2927 989 2992 libri
1007 2926 1204 2992 Parisiensis

188 3033 325 3099 vitiosas
349 3032 527 3118 scripturas
551 3032 708 3098 tribueret
731 3030 794 3120 (ex.
817 3053 864 3118 gr.
888 3057 919 3118 p.
940 3035 1018 3113 121,
1041 3034 1081 3100 15
1104 3033 1204 3119 ὑπέρ-

187 3162 290 3205 τατον
312 3161 371 3224 pro
395 3134 662 3226 baioariorum),
686 3138 843 3226 Scaligeri
867 3144 977 3205 autem
1001 3140 1204 3205 coniecturas

262 3299 289 3367 1)
313 3297 363 3351 Ex.
386 3314 427 3366 gr.
445 3314 474 3365 p.
491 3301 568 3364 1c,c
596 3298 674 3352 extat
695 3291 815 3366 ἡγεμόνι
837 3295 868 3350 in
892 3295 1015 3351 editione
1039 3294 1200 3365 Arceriana,

190 3386 300 3441 omittit
313 3385 497 3454 Kiesslingius
516 3385 603 3440 etiam
620 3385 650 3440 in
668 3385 900 3455 interpretatione
918 3385 1016 3441 latina.
1045 3383 1086 3439 De
1101 3383 1205 3438 Codice

1318 3243 1320 3332 l

1319 3399 1320 3472 l

188 3475 299 3530 Cizensi
317 3473 351 3528 cf.
370 3473 471 3528 Nauck
489 3491 516 3543 p,
532 3473 580 3528 XL
595 3493 655 3544 sqq.
680 3477 709 3529 et
731 3489 805 3542 quae
829 3472 889 3542 ipse
912 3472 1054 3543 disputavi
1073 3473 1103 3526 in
1122 3471 1204 3528 Gom·
1319 3475 1320 3500 ¹

188 3559 307 3632 parettii
325 3561 400 3616 Mus.
419 3561 478 3615 ital.
498 3561 629 3616 d'aatich.
649 3563 727 3616 class.
746 3561 771 3614 Il
789 3580 816 3631 p.
831 3566 893 3617 466.
