<?xml version="1.0" encoding="UTF-8"?>
<!DOCTYPE html PUBLIC "-//W3C//DTD XHTML 1.0 Transitional//EN"
    "http://www.w3.org/TR/xhtml1/DTD/xhtml1-transitional.dtd">
<html xmlns="http://www.w3.org/1999/xhtml" xml:lang="en" lang="en">
 <head>
  <title>
</title>
<meta http-equiv="Content-Type" content="text/html;charset=utf-8" />
  <meta name='ocr-system' content='tesseract 3.04.00' />
  <meta name='ocr-capabilities' content='ocr_page ocr_carea ocr_par ocr_line ocrx_word'/>
</head>
<body>
  <div class='ocr_page' id='page_1' title='image "./iamblichiprotre02jambgoog_0125.png"; bbox 0 0 2670 3932; ppageno 0'>
   <div class='ocr_carea' id='block_1_1' title="bbox 166 206 771 272">
    <p class='ocr_par' dir='ltr' id='par_1_1' title="bbox 166 206 771 272">
     <span class='ocr_line' id='line_1_1' title="bbox 166 206 771 272; baseline 0 -10"><span class='ocrx_word' id='word_1_1' title='bbox 166 206 229 272; x_wconf 89' lang='grc'><strong><em>106</em></strong></span> <span class='ocrx_word' id='word_1_2' title='bbox 580 206 771 264; x_wconf 80' lang='lat' dir='ltr'><strong>IAMBLIGHI</strong></span> 
     </span>
    </p>
   </div>
   <div class='ocr_carea' id='block_1_2' title="bbox 65 367 1323 2900">
    <p class='ocr_par' dir='ltr' id='par_1_2' title="bbox 65 367 1323 1945">
     <span class='ocr_line' id='line_1_2' title="bbox 164 367 1180 458; baseline 0.002 -24"><span class='ocrx_word' id='word_1_3' title='bbox 164 371 433 454; x_wconf 75' lang='grc' dir='ltr'><strong><em>μαθητεύσαντες</em></strong></span> <span class='ocrx_word' id='word_1_4' title='bbox 450 378 496 457; x_wconf 75' lang='grc' dir='ltr'><strong><em>τῷ</em></strong></span> <span class='ocrx_word' id='word_1_5' title='bbox 518 373 707 458; x_wconf 79' lang='grc' dir='ltr'><em>Πυθαγόρᾳ</em></span> <span class='ocrx_word' id='word_1_6' title='bbox 726 370 768 436; x_wconf 87' lang='grc' dir='ltr'><strong><em>ού</em></strong></span> <span class='ocrx_word' id='word_1_7' title='bbox 787 379 825 456; x_wconf 74' lang='grc' dir='ltr'><strong><em>τῇ</em></strong></span> <span class='ocrx_word' id='word_1_8' title='bbox 843 380 940 455; x_wconf 77' lang='grc' dir='ltr'><strong><em>κοινῇ</em></strong></span> <span class='ocrx_word' id='word_1_9' title='bbox 958 367 1014 435; x_wconf 75' lang='grc' dir='ltr'><strong><em>καὶ</em></strong></span> <span class='ocrx_word' id='word_1_10' title='bbox 1033 371 1180 456; x_wconf 84' lang='grc' dir='ltr'><strong><em>δημάδει</em></strong></span> 
     </span>
     <span class='ocr_line' id='line_1_3' title="bbox 164 474 1180 565; baseline 0.002 -24"><span class='ocrx_word' id='word_1_11' title='bbox 164 475 219 541; x_wconf 83' lang='grc' dir='ltr'><strong><em>καλ</em></strong></span> <span class='ocrx_word' id='word_1_12' title='bbox 237 487 307 554; x_wconf 78' lang='grc' dir='ltr'><strong><em>τοῖς</em></strong></span> <span class='ocrx_word' id='word_1_13' title='bbox 330 477 443 554; x_wconf 90' lang='grc' dir='ltr'><strong><em>άλλοις</em></strong></span> <span class='ocrx_word' id='word_1_14' title='bbox 465 477 590 544; x_wconf 80' lang='grc' dir='ltr'><strong><em>ἅπασιν</em></strong></span> <span class='ocrx_word' id='word_1_15' title='bbox 613 478 755 564; x_wconf 79' lang='grc' dir='ltr'><strong><em>ελυθνίμ</em></strong></span> <span class='ocrx_word' id='word_1_16' title='bbox 778 475 863 556; x_wconf 80' lang='grc' dir='ltr'><strong><em>λέξει</em></strong></span> <span class='ocrx_word' id='word_1_17' title='bbox 885 499 920 543; x_wconf 90' lang='grc' dir='ltr'><strong><em>τε</em></strong></span> <span class='ocrx_word' id='word_1_18' title='bbox 943 474 999 544; x_wconf 83' lang='grc' dir='ltr'><strong><em>καὶ</em></strong></span> <span class='ocrx_word' id='word_1_19' title='bbox 1022 475 1180 565; x_wconf 77' lang='grc' dir='ltr'><em>ἑρμηνείᾳ</em></span> 
     </span>
     <span class='ocr_line' id='line_1_4' title="bbox 164 580 1275 667; baseline -0.005 -19"><span class='ocrx_word' id='word_1_20' title='bbox 164 582 339 649; x_wconf 82' lang='grc' dir='ltr'><strong><em>ἐποιοῦντο</em></strong></span> <span class='ocrx_word' id='word_1_21' title='bbox 369 584 491 649; x_wconf 83' lang='grc' dir='ltr'><strong><em>συνετά</em></strong></span> <span class='ocrx_word' id='word_1_22' title='bbox 513 580 569 648; x_wconf 82' lang='grc' dir='ltr'><strong><em>καὶ</em></strong></span> <span class='ocrx_word' id='word_1_23' title='bbox 595 583 737 667; x_wconf 84' lang='grc' dir='ltr'><strong><em>εύνόητα</em></strong></span> <span class='ocrx_word' id='word_1_24' title='bbox 753 591 834 661; x_wconf 76' lang='grc' dir='ltr'><strong><em>’τοῖς</em></strong></span> <span class='ocrx_word' id='word_1_25' title='bbox 857 583 967 660; x_wconf 80' lang='grc' dir='ltr'><strong><em>ἁπλῶς</em></strong></span> <span class='ocrx_word' id='word_1_26' title='bbox 996 583 1180 649; x_wconf 91' lang='grc' dir='ltr'><strong><em>άκούουσιυ</em></strong></span> <span class='ocrx_word' id='word_1_27' title='bbox 1193 603 1275 643; x_wconf 71' lang='grc' dir='ltr'><strong><em>ειοκ.</em></strong></span> 
     </span>
     <span class='ocr_line' id='line_1_5' title="bbox 165 687 1273 775; baseline -0.005 -21"><span class='ocrx_word' id='word_1_28' title='bbox 165 688 198 767; x_wconf 90' lang='grc' dir='ltr'><strong><em>έξ</em></strong></span> <span class='ocrx_word' id='word_1_29' title='bbox 209 689 388 775; x_wconf 74' lang='grc' dir='ltr'><strong><em>ἐπιδρομῆς</em></strong></span> <span class='ocrx_word' id='word_1_30' title='bbox 397 712 432 754; x_wconf 91' lang='grc' dir='ltr'><strong><em>τε</em></strong></span> <span class='ocrx_word' id='word_1_31' title='bbox 442 687 716 774; x_wconf 78' lang='grc' dir='ltr'><strong><em>ἐντυγχάνουσιν,</em></strong></span> <span class='ocrx_word' id='word_1_32' title='bbox 726 689 1048 775; x_wconf 75' lang='grc' dir='ltr'><strong><em>εὐπαρακολούθητα</em></strong></span> <span class='ocrx_word' id='word_1_33' title='bbox 1061 691 1180 775; x_wconf 77' lang='grc' dir='ltr'><strong><em>πειρώ·</em></strong></span> <span class='ocrx_word' id='word_1_34' title='bbox 1196 709 1273 750; x_wconf 69' lang='grc' dir='ltr'><strong><em>ιεια,</em></strong></span> 
     </span>
     <span class='ocr_line' id='line_1_6' title="bbox 138 789 1323 882; baseline 0 -21"><span class='ocrx_word' id='word_1_35' title='bbox 138 808 262 880; x_wconf 73' lang='grc' dir='ltr'><strong><em>ῡμενοι</em></strong></span> <span class='ocrx_word' id='word_1_36' title='bbox 284 799 442 861; x_wconf 87' lang='grc' dir='ltr'><strong><em>τίθεσθαι</em></strong></span> <span class='ocrx_word' id='word_1_37' title='bbox 469 797 510 861; x_wconf 86' lang='grc' dir='ltr'><strong><em>τά</em></strong></span> <span class='ocrx_word' id='word_1_38' title='bbox 532 799 725 882; x_wconf 80' lang='grc' dir='ltr'><strong><em>φραζόμενα</em></strong></span> <span class='ocrx_word' id='word_1_39' title='bbox 747 789 804 862; x_wconf 82' lang='grc' dir='ltr'><strong><em>ὑπ’</em></strong></span> <span class='ocrx_word' id='word_1_40' title='bbox 832 795 959 879; x_wconf 81' lang='grc' dir='ltr'><strong><em>αὐτῶν,</em></strong></span> <span class='ocrx_word' id='word_1_41' title='bbox 987 794 1070 861; x_wconf 85' lang='grc' dir='ltr'><strong><em>άλλδ</em></strong></span> <span class='ocrx_word' id='word_1_42' title='bbox 1096 798 1180 861; x_wconf 84' lang='grc' dir='ltr'><strong><em>κατὰ</em></strong></span> <span class='ocrx_word' id='word_1_43' title='bbox 1313 795 1323 840; x_wconf 73' lang='lat'><strong><em>⁴</em></strong></span> 
     </span>
     <span class='ocr_line' id='line_1_7' title="bbox 164 900 1179 988; baseline -0.001 -20"><span class='ocrx_word' id='word_1_44' title='bbox 164 904 225 986; x_wconf 86' lang='grc' dir='ltr'><strong><em>τήν</em></strong></span> <span class='ocrx_word' id='word_1_45' title='bbox 240 900 555 987; x_wconf 85' lang='grc' dir='ltr'><strong><em>νενομοθετημένην</em></strong></span> <span class='ocrx_word' id='word_1_46' title='bbox 564 901 678 981; x_wconf 72' lang='grc' dir='ltr'><strong><em>αὐτοῖς</em></strong></span> <span class='ocrx_word' id='word_1_47' title='bbox 692 902 756 969; x_wconf 86' lang='grc' dir='ltr'><strong><em>ὑπὸ</em></strong></span> <span class='ocrx_word' id='word_1_48' title='bbox 771 905 982 988; x_wconf 76' lang='grc' dir='ltr'><strong><em>Πυθαγόρου</em></strong></span> <span class='ocrx_word' id='word_1_49' title='bbox 996 900 1179 987; x_wconf 80' lang='grc' dir='ltr'><strong><em>ἐχεμυθίαν</em></strong></span> 
     </span>
     <span class='ocr_line' id='line_1_8' title="bbox 164 1006 1179 1096; baseline 0 -22"><span class='ocrx_word' id='word_1_50' title='bbox 164 1013 357 1096; x_wconf 84' lang='grc' dir='ltr'><strong><em>μυστηρίων</em></strong></span> <span class='ocrx_word' id='word_1_51' title='bbox 379 1006 435 1074; x_wconf 79' lang='grc' dir='ltr'><strong><em>καὶ</em></strong></span> <span class='ocrx_word' id='word_1_52' title='bbox 457 1009 541 1094; x_wconf 88' lang='grc' dir='ltr'><strong><em>πρὸς</em></strong></span> <span class='ocrx_word' id='word_1_53' title='bbox 563 1011 642 1086; x_wconf 84' lang='grc' dir='ltr'><strong><em>τοὺς</em></strong></span> <span class='ocrx_word' id='word_1_54' title='bbox 665 1007 900 1095; x_wconf 86' lang='grc' dir='ltr'><strong><em>άτελεστέρους</em></strong></span> <span class='ocrx_word' id='word_1_55' title='bbox 920 1011 1054 1095; x_wconf 82' lang='grc' dir='ltr'><strong><em>τρόπων</em></strong></span> <span class='ocrx_word' id='word_1_56' title='bbox 1078 1008 1179 1094; x_wconf 84' lang='grc' dir='ltr'><strong><em>ἀπορ-</em></strong></span> 
     </span>
     <span class='ocr_line' id='line_1_9' title="bbox 165 1113 1179 1200; baseline 0.001 -21"><span class='ocrx_word' id='word_1_57' title='bbox 165 1118 275 1198; x_wconf 83' lang='grc' dir='ltr'><strong><em>ρήτων</em></strong></span> <span class='ocrx_word' id='word_1_58' title='bbox 298 1117 442 1199; x_wconf 82' lang='grc' dir='ltr'><strong><em>ήπτοντο</em></strong></span> <span class='ocrx_word' id='word_1_59' title='bbox 465 1113 522 1180; x_wconf 78' lang='grc' dir='ltr'><strong><em>καὶ</em></strong></span> <span class='ocrx_word' id='word_1_60' title='bbox 544 1116 602 1180; x_wconf 79' lang='grc' dir='ltr'><strong><em>διὰ</em></strong></span> <span class='ocrx_word' id='word_1_61' title='bbox 623 1118 803 1200; x_wconf 84' lang='grc' dir='ltr'><strong><em>συμβόλων</em></strong></span> <span class='ocrx_word' id='word_1_62' title='bbox 822 1113 1003 1182; x_wconf 84' lang='grc' dir='ltr'><strong><em>έπέσκεπον</em></strong></span> <span class='ocrx_word' id='word_1_63' title='bbox 1020 1117 1078 1192; x_wconf 83' lang='grc' dir='ltr'><strong><em>τὰς</em></strong></span> <span class='ocrx_word' id='word_1_64' title='bbox 1096 1117 1179 1198; x_wconf 87' lang='grc' dir='ltr'><strong><em>πρὸς</em></strong></span> 
     </span>
     <span class='ocr_line' id='line_1_10' title="bbox 164 1219 1179 1306; baseline 0.001 -21"><span class='ocrx_word' id='word_1_65' title='bbox 164 1220 329 1304; x_wconf 75' lang='grc' dir='ltr'><strong><em>ἀλλήλους</em></strong></span> <span class='ocrx_word' id='word_1_66' title='bbox 352 1219 511 1301; x_wconf 75' lang='grc' dir='ltr'><strong><em>διαλέξεις</em></strong></span> <span class='ocrx_word' id='word_1_67' title='bbox 533 1220 555 1305; x_wconf 85' lang='grc' dir='ltr'><strong><em>ή</em></strong></span> <span class='ocrx_word' id='word_1_68' title='bbox 578 1223 784 1305; x_wconf 86' lang='grc' dir='ltr'><strong><em>συγγραφάς.</em></strong></span> <span class='ocrx_word' id='word_1_69' title='bbox 824 1219 880 1287; x_wconf 80' lang='grc' dir='ltr'><strong><em>καὶ</em></strong></span> <span class='ocrx_word' id='word_1_70' title='bbox 904 1224 935 1288; x_wconf 82' lang='grc' dir='ltr'><strong><em>εέ</em></strong></span> <span class='ocrx_word' id='word_1_71' title='bbox 956 1223 1001 1306; x_wconf 94' lang='grc' dir='ltr'><strong><em>μή</em></strong></span> <span class='ocrx_word' id='word_1_72' title='bbox 1023 1245 1072 1300; x_wconf 94' lang='grc' dir='ltr'><strong><em>τις</em></strong></span> <span class='ocrx_word' id='word_1_73' title='bbox 1095 1221 1179 1287; x_wconf 81' lang='grc' dir='ltr'><strong><em>αὐτοὶ</em></strong></span> 
     </span>
     <span class='ocr_line' id='line_1_11' title="bbox 124 1325 1178 1416; baseline 0 -24"><span class='ocrx_word' id='word_1_74' title='bbox 124 1342 150 1380; x_wconf 91' lang='lat'><strong><em>10</em></strong></span> <span class='ocrx_word' id='word_1_75' title='bbox 164 1329 204 1392; x_wconf 86' lang='grc' dir='ltr'><strong><em>τά</em></strong></span> <span class='ocrx_word' id='word_1_76' title='bbox 232 1328 383 1410; x_wconf 79' lang='grc' dir='ltr'><strong><em>σύμβολα</em></strong></span> <span class='ocrx_word' id='word_1_77' title='bbox 416 1325 547 1406; x_wconf 78' lang='grc' dir='ltr'><strong><em>ἐκλέξας</em></strong></span> <span class='ocrx_word' id='word_1_78' title='bbox 579 1328 765 1406; x_wconf 85' lang='grc' dir='ltr'><strong><em>διαπτύξειε</em></strong></span> <span class='ocrx_word' id='word_1_79' title='bbox 792 1326 848 1393; x_wconf 83' lang='grc' dir='ltr'><strong><em>καὶ</em></strong></span> <span class='ocrx_word' id='word_1_80' title='bbox 878 1327 998 1416; x_wconf 79' lang='grc' dir='ltr'><strong><em>άμύκιγ</em></strong></span> <span class='ocrx_word' id='word_1_81' title='bbox 1027 1325 1178 1412; x_wconf 75' lang='grc' dir='ltr'><strong><em>ἐξηγήσει</em></strong></span> 
     </span>
     <span class='ocr_line' id='line_1_12' title="bbox 65 1432 1178 1528; baseline 0 -31"><span class='ocrx_word' id='word_1_82' title='bbox 65 1523 72 1528; x_wconf 30' lang='grc'><strong><em>,</em></strong></span> <span class='ocrx_word' id='word_1_83' title='bbox 163 1434 346 1517; x_wconf 88' lang='grc' dir='ltr'><strong><em>περιλάβοι,</em></strong></span> <span class='ocrx_word' id='word_1_84' title='bbox 370 1439 484 1516; x_wconf 68' lang='grc' dir='ltr'><strong><em>γελοία</em></strong></span> <span class='ocrx_word' id='word_1_85' title='bbox 508 1432 550 1499; x_wconf 82' lang='grc' dir='ltr'><strong><em>δν</em></strong></span> <span class='ocrx_word' id='word_1_86' title='bbox 569 1432 625 1499; x_wconf 81' lang='grc' dir='ltr'><strong><em>καὶ</em></strong></span> <span class='ocrx_word' id='word_1_87' title='bbox 647 1434 783 1518; x_wconf 85' lang='grc' dir='ltr'><strong><em>γραάδη</em></strong></span> <span class='ocrx_word' id='word_1_88' title='bbox 804 1432 910 1513; x_wconf 87' lang='grc' dir='ltr'><strong><em>δόξειε</em></strong></span> <span class='ocrx_word' id='word_1_89' title='bbox 932 1443 1003 1511; x_wconf 84' lang='grc' dir='ltr'><strong><em>τοϊς</em></strong></span> <span class='ocrx_word' id='word_1_90' title='bbox 1022 1433 1178 1518; x_wconf 84' lang='grc' dir='ltr'><strong><em>ἐντυγχά-</em></strong></span> 
     </span>
     <span class='ocr_line' id='line_1_13' title="bbox 163 1534 1174 1626; baseline -0.001 -22"><span class='ocrx_word' id='word_1_91' title='bbox 163 1557 262 1605; x_wconf 91' lang='grc' dir='ltr'><strong><em>νουσι</em></strong></span> <span class='ocrx_word' id='word_1_92' title='bbox 284 1541 324 1605; x_wconf 84' lang='grc' dir='ltr'><strong><em>τά</em></strong></span> <span class='ocrx_word' id='word_1_93' title='bbox 347 1542 509 1625; x_wconf 87' lang='grc' dir='ltr'><strong><em>λεγόμενα</em></strong></span> <span class='ocrx_word' id='word_1_94' title='bbox 532 1542 638 1626; x_wconf 81' lang='grc' dir='ltr'><strong><em>λήρου</em></strong></span> <span class='ocrx_word' id='word_1_95' title='bbox 666 1541 768 1626; x_wconf 86' lang='grc' dir='ltr'><strong><em>μεστά</em></strong></span> <span class='ocrx_word' id='word_1_96' title='bbox 797 1537 853 1605; x_wconf 82' lang='grc' dir='ltr'><strong><em>καὶ</em></strong></span> <span class='ocrx_word' id='word_1_97' title='bbox 880 1539 1085 1626; x_wconf 83' lang='grc' dir='ltr'><strong><em>ἀδολεσχίας.</em></strong></span> <span class='ocrx_word' id='word_1_98' title='bbox 1126 1534 1174 1604; x_wconf 78' lang='grc' dir='ltr'><strong><em>ἵν’</em></strong></span> 
     </span>
     <span class='ocr_line' id='line_1_14' title="bbox 163 1640 1178 1733; baseline 0 -23"><span class='ocrx_word' id='word_1_99' title='bbox 163 1640 226 1712; x_wconf 89' lang='grc' dir='ltr'><strong><em>ούν</em></strong></span> <span class='ocrx_word' id='word_1_100' title='bbox 250 1647 333 1732; x_wconf 91' lang='grc' dir='ltr'><strong><em>&lt;τά&gt;</em></strong></span> <span class='ocrx_word' id='word_1_101' title='bbox 357 1641 474 1732; x_wconf 78' lang='grc' dir='ltr'><strong><em>ῥήματ’</em></strong></span> <span class='ocrx_word' id='word_1_102' title='bbox 501 1645 628 1733; x_wconf 78' lang='grc' dir='ltr'><strong><em>ἐκφανῆ</em></strong></span> <span class='ocrx_word' id='word_1_103' title='bbox 646 1645 702 1712; x_wconf 79' lang='grc' dir='ltr'><strong><em>καὶ</em></strong></span> <span class='ocrx_word' id='word_1_104' title='bbox 720 1647 758 1711; x_wconf 88' lang='grc' dir='ltr'><strong><em>τὸ</em></strong></span> <span class='ocrx_word' id='word_1_105' title='bbox 782 1649 830 1724; x_wconf 79' lang='grc' dir='ltr'><strong><em>εἰς</em></strong></span> <span class='ocrx_word' id='word_1_106' title='bbox 852 1647 1047 1732; x_wconf 87' lang='grc' dir='ltr'><strong><em>προτροπήν</em></strong></span> <span class='ocrx_word' id='word_1_107' title='bbox 1067 1645 1178 1711; x_wconf 80' lang='grc' dir='ltr'><strong><em>αὐτῶν</em></strong></span> 
     </span>
     <span class='ocr_line' id='line_1_15' title="bbox 166 1751 1178 1838; baseline 0 -21"><span class='ocrx_word' id='word_1_108' title='bbox 166 1754 287 1836; x_wconf 86' lang='grc' dir='ltr'><strong><em>όῳελος</em></strong></span> <span class='ocrx_word' id='word_1_109' title='bbox 308 1753 498 1836; x_wconf 87' lang='grc' dir='ltr'><strong><em>κατάδηλον</em></strong></span> <span class='ocrx_word' id='word_1_110' title='bbox 516 1752 663 1837; x_wconf 90' lang='grc' dir='ltr'><strong><em>γένηται,</em></strong></span> <span class='ocrx_word' id='word_1_111' title='bbox 686 1754 769 1818; x_wconf 87' lang='grc' dir='ltr'><strong><em>κατά</em></strong></span> <span class='ocrx_word' id='word_1_112' title='bbox 787 1753 825 1818; x_wconf 90' lang='grc' dir='ltr'><strong><em>τὸ</em></strong></span> <span class='ocrx_word' id='word_1_113' title='bbox 844 1751 1040 1838; x_wconf 76' lang='grc' dir='ltr'><strong><em>ἐξωτερικόν</em></strong></span> <span class='ocrx_word' id='word_1_114' title='bbox 1056 1775 1093 1817; x_wconf 87' lang='grc' dir='ltr'><strong><em>τε</em></strong></span> <span class='ocrx_word' id='word_1_115' title='bbox 1111 1753 1178 1836; x_wconf 77' lang='grc' dir='ltr'><strong><em>ἅμα</em></strong></span> 
     </span>
     <span class='ocr_line' id='line_1_16' title="bbox 124 1857 1178 1945; baseline -0.002 -21"><span class='ocrx_word' id='word_1_116' title='bbox 124 1871 150 1911; x_wconf 80' lang='lat'><strong><em>1⁵</em></strong></span> <span class='ocrx_word' id='word_1_117' title='bbox 162 1858 219 1924; x_wconf 84' lang='grc' dir='ltr'><strong><em>καὶ</em></strong></span> <span class='ocrx_word' id='word_1_118' title='bbox 236 1860 319 1924; x_wconf 80' lang='grc' dir='ltr'><strong><em>κατὰ</em></strong></span> <span class='ocrx_word' id='word_1_119' title='bbox 336 1861 374 1925; x_wconf 87' lang='grc' dir='ltr'><strong><em>τὸ</em></strong></span> <span class='ocrx_word' id='word_1_120' title='bbox 393 1859 591 1945; x_wconf 86' lang='grc' dir='ltr'><strong><em>άκροατικὸν</em></strong></span> <span class='ocrx_word' id='word_1_121' title='bbox 610 1858 829 1944; x_wconf 86' lang='grc' dir='ltr'><strong><em>άποδιόσομεν</em></strong></span> <span class='ocrx_word' id='word_1_122' title='bbox 849 1857 988 1924; x_wconf 82' lang='grc' dir='ltr'><strong><em>ἑκάστου</em></strong></span> <span class='ocrx_word' id='word_1_123' title='bbox 1007 1860 1178 1943; x_wconf 82' lang='grc' dir='ltr'><strong><em>συμβόλου</em></strong></span> 
     </span>
    </p>

    <p class='ocr_par' dir='ltr' id='par_1_3' title="bbox 163 1961 1178 2051">
     <span class='ocr_line' id='line_1_17' title="bbox 163 1961 1178 2051; baseline -0.001 -21"><span class='ocrx_word' id='word_1_124' title='bbox 163 1967 220 2042; x_wconf 87' lang='grc' dir='ltr'><strong><em>τάς</em></strong></span> <span class='ocrx_word' id='word_1_125' title='bbox 252 1964 432 2048; x_wconf 88' lang='grc' dir='ltr'><strong><em>ἐπιλύσεις,</em></strong></span> <span class='ocrx_word' id='word_1_126' title='bbox 469 1962 554 2049; x_wconf 72' lang='grc' dir='ltr'><strong><em>μηδὲ</em></strong></span> <span class='ocrx_word' id='word_1_127' title='bbox 585 1966 626 2030; x_wconf 87' lang='grc' dir='ltr'><strong><em>τά</em></strong></span> <span class='ocrx_word' id='word_1_128' title='bbox 657 1961 736 2047; x_wconf 90' lang='grc' dir='ltr'><strong><em>παρ’</em></strong></span> <span class='ocrx_word' id='word_1_129' title='bbox 772 1964 885 2042; x_wconf 76' lang='grc' dir='ltr'><strong><em>αὐτοῖς</em></strong></span> <span class='ocrx_word' id='word_1_130' title='bbox 922 1964 1092 2051; x_wconf 79' lang='grc' dir='ltr'><strong><em>ἀπόρρητα</em></strong></span> <span class='ocrx_word' id='word_1_131' title='bbox 1122 1963 1178 2030; x_wconf 82' lang='grc' dir='ltr'><strong><em>καλ</em></strong></span> 
     </span>
    </p>

    <p class='ocr_par' dir='ltr' id='par_1_4' title="bbox 163 2070 1178 2157">
     <span class='ocr_line' id='line_1_18' title="bbox 163 2070 1178 2157; baseline 0 -21"><span class='ocrx_word' id='word_1_132' title='bbox 163 2070 414 2154; x_wconf 85' lang='grc' dir='ltr'><strong><em>ἐχεμυθούμενα</em></strong></span> <span class='ocrx_word' id='word_1_133' title='bbox 450 2071 533 2156; x_wconf 87' lang='grc' dir='ltr'><strong><em>πρὸς</em></strong></span> <span class='ocrx_word' id='word_1_134' title='bbox 569 2072 649 2147; x_wconf 83' lang='grc' dir='ltr'><strong><em>τοὺς</em></strong></span> <span class='ocrx_word' id='word_1_135' title='bbox 684 2070 901 2148; x_wconf 69' lang='grc' dir='ltr'><strong><em>ἀντιτύπους</em></strong></span> <span class='ocrx_word' id='word_1_136' title='bbox 936 2073 1178 2157; x_wconf 87' lang='grc' dir='ltr'><strong><em>παραλιπόντες</em></strong></span> 
     </span>
    </p>

    <p class='ocr_par' dir='ltr' id='par_1_5' title="bbox 162 2174 1178 2263">
     <span class='ocr_line' id='line_1_19' title="bbox 162 2174 1178 2263; baseline -0.001 -21"><span class='ocrx_word' id='word_1_137' title='bbox 162 2175 367 2257; x_wconf 84' lang='grc' dir='ltr'><strong><em>ἀνεξέταστα.</em></strong></span> <span class='ocrx_word' id='word_1_138' title='bbox 405 2179 488 2242; x_wconf 82' lang='grc' dir='ltr'><strong><em>έστω</em></strong></span> <span class='ocrx_word' id='word_1_139' title='bbox 508 2174 546 2242; x_wconf 74' lang='grc' dir='ltr'><strong><em>δέ</em></strong></span> <span class='ocrx_word' id='word_1_140' title='bbox 559 2178 600 2242; x_wconf 87' lang='grc' dir='ltr'><strong><em>τά</em></strong></span> <span class='ocrx_word' id='word_1_141' title='bbox 613 2179 878 2263; x_wconf 86' lang='grc' dir='ltr'><strong><em>φρασθησόμενα</em></strong></span> <span class='ocrx_word' id='word_1_142' title='bbox 897 2179 1049 2263; x_wconf 87' lang='grc' dir='ltr'><strong><em>σύμβολα</em></strong></span> <span class='ocrx_word' id='word_1_143' title='bbox 1061 2187 1178 2244; x_wconf 82' lang='grc' dir='ltr'><strong><em>ταῦτα·</em></strong></span> 
     </span>
    </p>

    <p class='ocr_par' dir='ltr' id='par_1_6' title="bbox 185 2280 1177 2369">
     <span class='ocr_line' id='line_1_20' title="bbox 185 2280 1177 2369; baseline -0.001 -21"><span class='ocrx_word' id='word_1_144' title='bbox 185 2283 224 2348; x_wconf 88' lang='grc' dir='ltr'><strong><em>α’.</em></strong></span> <span class='ocrx_word' id='word_1_145' title='bbox 253 2285 313 2361; x_wconf 81' lang='grc' dir='ltr'><strong><em>Εἰς</em></strong></span> <span class='ocrx_word' id='word_1_146' title='bbox 337 2283 429 2369; x_wconf 75' lang='grc' dir='ltr'><strong><em>ἱερὸν</em></strong></span> <span class='ocrx_word' id='word_1_147' title='bbox 449 2282 557 2350; x_wconf 85' lang='grc' dir='ltr'><strong><em>άπιὼν</em></strong></span> <span class='ocrx_word' id='word_1_148' title='bbox 575 2291 806 2368; x_wconf 79' lang='grc' dir='ltr'><strong><em>προσκυνῆσαι</em></strong></span> <span class='ocrx_word' id='word_1_149' title='bbox 829 2280 933 2369; x_wconf 75' lang='grc' dir='ltr'><strong><em>μηδὲν</em></strong></span> <span class='ocrx_word' id='word_1_150' title='bbox 956 2285 1037 2351; x_wconf 89' lang='grc' dir='ltr'><strong><em>άλλο</em></strong></span> <span class='ocrx_word' id='word_1_151' title='bbox 1056 2282 1177 2368; x_wconf 87' lang='grc' dir='ltr'><strong><em>μεταξὺ</em></strong></span> 
     </span>
    </p>

    <p class='ocr_par' dir='ltr' id='par_1_7' title="bbox 122 2388 865 2475">
     <span class='ocr_line' id='line_1_21' title="bbox 122 2388 865 2475; baseline 0.001 -21"><span class='ocrx_word' id='word_1_152' title='bbox 122 2405 150 2444; x_wconf 73' lang='lat'><strong><em>2⁰</em></strong></span> <span class='ocrx_word' id='word_1_153' title='bbox 252 2392 408 2474; x_wconf 84' lang='grc' dir='ltr'><strong><em>βιαταιὸν</em></strong></span> <span class='ocrx_word' id='word_1_154' title='bbox 432 2392 512 2475; x_wconf 88' lang='grc' dir='ltr'><strong><em>μήτε</em></strong></span> <span class='ocrx_word' id='word_1_155' title='bbox 535 2388 610 2474; x_wconf 87' lang='grc' dir='ltr'><strong><em>λέγε</em></strong></span> <span class='ocrx_word' id='word_1_156' title='bbox 633 2393 713 2475; x_wconf 85' lang='grc' dir='ltr'><strong><em>μήτε</em></strong></span> <span class='ocrx_word' id='word_1_157' title='bbox 736 2390 865 2472; x_wconf 91' lang='grc' dir='ltr'><strong><em>πράττε.</em></strong></span> 
     </span>
    </p>

    <p class='ocr_par' dir='ltr' id='par_1_8' title="bbox 183 2492 1266 2792">
     <span class='ocr_line' id='line_1_22' title="bbox 183 2492 1266 2582; baseline -0.002 -21"><span class='ocrx_word' id='word_1_158' title='bbox 183 2496 223 2580; x_wconf 87' lang='grc' dir='ltr'><strong><em>β.</em></strong></span> <span class='ocrx_word' id='word_1_159' title='bbox 248 2492 348 2562; x_wconf 85' lang='grc' dir='ltr'><strong><em>Ὁδοῦ</em></strong></span> <span class='ocrx_word' id='word_1_160' title='bbox 384 2498 553 2582; x_wconf 91' lang='grc' dir='ltr'><strong><em>πάρεργον</em></strong></span> <span class='ocrx_word' id='word_1_161' title='bbox 590 2497 667 2563; x_wconf 83' lang='grc' dir='ltr'><strong><em>ούτε</em></strong></span> <span class='ocrx_word' id='word_1_162' title='bbox 705 2495 847 2562; x_wconf 81' lang='grc' dir='ltr'><strong><em>εἰσιτέον</em></strong></span> <span class='ocrx_word' id='word_1_163' title='bbox 885 2498 931 2573; x_wconf 76' lang='grc' dir='ltr'><strong><em>εἰς</em></strong></span> <span class='ocrx_word' id='word_1_164' title='bbox 971 2497 1062 2582; x_wconf 80' lang='grc' dir='ltr'><strong><em>ἱερὸν</em></strong></span> <span class='ocrx_word' id='word_1_165' title='bbox 1100 2496 1176 2560; x_wconf 85' lang='grc' dir='ltr'><strong><em>ούτε</em></strong></span> <span class='ocrx_word' id='word_1_166' title='bbox 1191 2514 1266 2555; x_wconf 70' lang='grc' dir='ltr'><strong><em>νεκ-</em></strong></span> 
     </span>
     <span class='ocr_line' id='line_1_23' title="bbox 249 2597 1265 2696; baseline -0.009 -28"><span class='ocrx_word' id='word_1_167' title='bbox 249 2602 500 2688; x_wconf 84' lang='grc' dir='ltr'><strong><em>προσκυνητέον</em></strong></span> <span class='ocrx_word' id='word_1_168' title='bbox 515 2603 721 2696; x_wconf 82' lang='grc' dir='ltr'><strong><em>τοπαράπαν,</em></strong></span> <span class='ocrx_word' id='word_1_169' title='bbox 737 2597 812 2667; x_wconf 84' lang='grc' dir='ltr'><strong><em>οὐδ’</em></strong></span> <span class='ocrx_word' id='word_1_170' title='bbox 829 2604 861 2668; x_wconf 81' lang='grc' dir='ltr'><strong><em>εἰ</em></strong></span> <span class='ocrx_word' id='word_1_171' title='bbox 872 2604 956 2685; x_wconf 86' lang='grc' dir='ltr'><strong><em>πρὸς</em></strong></span> <span class='ocrx_word' id='word_1_172' title='bbox 969 2612 1041 2680; x_wconf 77' lang='grc' dir='ltr'><strong><em>ταῖς</em></strong></span> <span class='ocrx_word' id='word_1_173' title='bbox 1054 2603 1177 2688; x_wconf 89' lang='grc' dir='ltr'><strong><em>θύραις</em></strong></span> <span class='ocrx_word' id='word_1_174' title='bbox 1192 2621 1265 2662; x_wconf 74' lang='lat' dir='ltr'>132A.</span> 
     </span>
     <span class='ocr_line' id='line_1_24' title="bbox 251 2705 664 2792; baseline -0.002 -18"><span class='ocrx_word' id='word_1_175' title='bbox 251 2709 366 2785; x_wconf 77' lang='grc' dir='ltr'><strong><em>αὐταῖς</em></strong></span> <span class='ocrx_word' id='word_1_176' title='bbox 389 2710 520 2792; x_wconf 84' lang='grc' dir='ltr'><strong><em>παριὼν</em></strong></span> <span class='ocrx_word' id='word_1_177' title='bbox 543 2705 664 2791; x_wconf 90' lang='grc' dir='ltr'><strong><em>γένοιο.</em></strong></span> 
     </span>
    </p>

    <p class='ocr_par' dir='ltr' id='par_1_9' title="bbox 185 2810 854 2900">
     <span class='ocr_line' id='line_1_25' title="bbox 185 2810 854 2900; baseline 0.003 -22"><span class='ocrx_word' id='word_1_178' title='bbox 185 2812 224 2898; x_wconf 86' lang='grc' dir='ltr'><strong><em>γ’.</em></strong></span> <span class='ocrx_word' id='word_1_179' title='bbox 250 2810 475 2898; x_wconf 84' lang='grc' dir='ltr'><strong><em>’Λνυπόδητος</em></strong></span> <span class='ocrx_word' id='word_1_180' title='bbox 497 2821 563 2880; x_wconf 86' lang='grc' dir='ltr'><strong><em>θῦε</em></strong></span> <span class='ocrx_word' id='word_1_181' title='bbox 585 2812 641 2879; x_wconf 82' lang='grc' dir='ltr'><strong><em>καὶ</em></strong></span> <span class='ocrx_word' id='word_1_182' title='bbox 663 2816 854 2900; x_wconf 88' lang='grc' dir='ltr'><strong><em>προσκύνει.</em></strong></span> 
     </span>
    </p>
   </div>
   <div class='ocr_carea' id='block_1_3' title="bbox 161 2988 1175 3131">
    <p class='ocr_par' dir='ltr' id='par_1_10' title="bbox 161 2988 1175 3131">
     <span class='ocr_line' id='line_1_26' title="bbox 234 2988 1175 3059; baseline 0.001 -16"><span class='ocrx_word' id='word_1_183' title='bbox 234 2994 266 3044; x_wconf 87' lang='grc'><strong><em>19</em></strong></span> <span class='ocrx_word' id='word_1_184' title='bbox 278 3006 337 3058; x_wconf 87' lang='lat' dir='ltr'><strong>sqq.</strong></span> <span class='ocrx_word' id='word_1_185' title='bbox 347 3008 373 3045; x_wconf 91' lang='lat' dir='ltr'><strong><em>v.</em></strong></span> <span class='ocrx_word' id='word_1_186' title='bbox 384 2988 537 3059; x_wconf 76' lang='lat' dir='ltr'>Goettling,</span> <span class='ocrx_word' id='word_1_187' title='bbox 548 2989 709 3045; x_wconf 77' lang='lat' dir='ltr'><strong>Gesammhe</strong></span> <span class='ocrx_word' id='word_1_188' title='bbox 720 2989 860 3044; x_wconf 83' lang='lat' dir='ltr'><strong>Abhandl.</strong></span> <span class='ocrx_word' id='word_1_189' title='bbox 870 2990 943 3046; x_wconf 76' lang='lat'>1278</span> <span class='ocrx_word' id='word_1_190' title='bbox 951 3006 1010 3058; x_wconf 76' lang='lat' dir='ltr'>sqq.</span> <span class='ocrx_word' id='word_1_191' title='bbox 1022 2989 1108 3046; x_wconf 76' lang='grc'>11180</span> <span class='ocrx_word' id='word_1_192' title='bbox 1116 3006 1175 3057; x_wconf 88' lang='lat' dir='ltr'>sqq.</span> 
     </span>
     <span class='ocr_line' id='line_1_27' title="bbox 161 3060 759 3131; baseline 0.005 -18"><span class='ocrx_word' id='word_1_193' title='bbox 161 3060 293 3128; x_wconf 76' lang='lat' dir='ltr'>Mullach,</span> <span class='ocrx_word' id='word_1_194' title='bbox 308 3060 412 3116; x_wconf 83' lang='lat' dir='ltr'><strong>Philos.</strong></span> <span class='ocrx_word' id='word_1_195' title='bbox 427 3079 468 3131; x_wconf 82' lang='lat' dir='ltr'><strong><em>gr.</em></strong></span> <span class='ocrx_word' id='word_1_196' title='bbox 482 3061 595 3130; x_wconf 76' lang='lat' dir='ltr'><strong>Fragm.</strong></span> <span class='ocrx_word' id='word_1_197' title='bbox 609 3062 622 3114; x_wconf 95' lang='grc' dir='ltr'>Ι</span> <span class='ocrx_word' id='word_1_198' title='bbox 636 3067 689 3116; x_wconf 79' lang='grc'><strong><em>504</em></strong></span> <span class='ocrx_word' id='word_1_199' title='bbox 699 3078 759 3130; x_wconf 87' lang='lat' dir='ltr'>sqq.</span> 
     </span>
    </p>
   </div>
   <div class='ocr_carea' id='block_1_4' title="bbox 162 3216 1178 3642">
    <p class='ocr_par' dir='ltr' id='par_1_11' title="bbox 162 3216 1178 3642">
     <span class='ocr_line' id='line_1_28' title="bbox 235 3216 1177 3291; baseline 0.001 -17"><span class='ocrx_word' id='word_1_200' title='bbox 235 3226 249 3274; x_wconf 78' lang='lat'>⁷</span> <span class='ocrx_word' id='word_1_201' title='bbox 268 3223 358 3277; x_wconf 84' lang='grc' dir='ltr'><strong><em>θείων</em></strong></span> <span class='ocrx_word' id='word_1_202' title='bbox 377 3222 536 3291; x_wconf 81' lang='grc' dir='ltr'><strong><em>μυστηρίων</em></strong></span> <span class='ocrx_word' id='word_1_203' title='bbox 550 3223 579 3276; x_wconf 67' lang='grc' dir='ltr'><strong><em>εθ</em></strong></span> <span class='ocrx_word' id='word_1_204' title='bbox 592 3216 757 3283; x_wconf 79' lang='grc' dir='ltr'><strong><em>ἀτελέστους</em></strong></span> <span class='ocrx_word' id='word_1_205' title='bbox 771 3220 828 3275; x_wconf 78' lang='lat' dir='ltr'><strong>vit.</strong></span> <span class='ocrx_word' id='word_1_206' title='bbox 843 3220 926 3290; x_wconf 78' lang='lat' dir='ltr'><strong>Pyth.</strong></span> <span class='ocrx_word' id='word_1_207' title='bbox 940 3222 950 3288; x_wconf 80' lang='grc' dir='ltr'><strong><em>ή</em></strong></span> <span class='ocrx_word' id='word_1_208' title='bbox 964 3226 979 3275; x_wconf 85' lang='grc'>9</span> <span class='ocrx_word' id='word_1_209' title='bbox 999 3217 1134 3290; x_wconf 74' lang='grc' dir='ltr'><strong><em>ἀλλήλους</em></strong></span> <span class='ocrx_word' id='word_1_210' title='bbox 1148 3223 1177 3275; x_wconf 74' lang='lat' dir='ltr'><strong><em>et</em></strong></span> 
     </span>
     <span class='ocr_line' id='line_1_29' title="bbox 163 3287 1178 3364; baseline -0.001 -20"><span class='ocrx_word' id='word_1_211' title='bbox 163 3297 195 3344; x_wconf 89' lang='grc'><strong><em>11</em></strong></span> <span class='ocrx_word' id='word_1_212' title='bbox 215 3288 307 3357; x_wconf 82' lang='grc' dir='ltr'><strong><em>δόξειε</em></strong></span> <span class='ocrx_word' id='word_1_213' title='bbox 327 3291 382 3346; x_wconf 78' lang='lat' dir='ltr'><strong>vit.</strong></span> <span class='ocrx_word' id='word_1_214' title='bbox 402 3290 499 3360; x_wconf 76' lang='lat' dir='ltr'><strong>Pyth.=</strong></span> <span class='ocrx_word' id='word_1_215' title='bbox 519 3287 620 3354; x_wconf 81' lang='grc' dir='ltr'><strong><em>άλλους</em></strong></span> <span class='ocrx_word' id='word_1_216' title='bbox 639 3294 667 3346; x_wconf 76' lang='lat' dir='ltr'><strong><em>et</em></strong></span> <span class='ocrx_word' id='word_1_217' title='bbox 686 3291 802 3358; x_wconf 76' lang='grc' dir='ltr'><strong><em>δόξειαν</em></strong></span> <span class='ocrx_word' id='word_1_218' title='bbox 820 3294 830 3360; x_wconf 90' lang='grc' dir='ltr'><strong><em>ΙΙ</em></strong></span> <span class='ocrx_word' id='word_1_219' title='bbox 849 3297 882 3346; x_wconf 91' lang='grc'><strong><em>10</em></strong></span> <span class='ocrx_word' id='word_1_220' title='bbox 901 3287 936 3346; x_wconf 86' lang='grc' dir='ltr'><strong><em>τά</em></strong></span> <span class='ocrx_word' id='word_1_221' title='bbox 955 3288 1081 3364; x_wconf 89' lang='grc' dir='ltr'><strong><em>σύμβολα</em></strong></span> <span class='ocrx_word' id='word_1_222' title='bbox 1101 3290 1178 3346; x_wconf 77' lang='lat' dir='ltr'>delet</span> 
     </span>
     <span class='ocr_line' id='line_1_30' title="bbox 162 3357 1176 3433; baseline 0.002 -20"><span class='ocrx_word' id='word_1_223' title='bbox 162 3360 261 3415; x_wconf 80' lang='lat' dir='ltr'><strong>Nauck</strong></span> <span class='ocrx_word' id='word_1_224' title='bbox 284 3364 293 3431; x_wconf 86' lang='grc' dir='ltr'><strong><em>ΙΙ</em></strong></span> <span class='ocrx_word' id='word_1_225' title='bbox 317 3367 349 3416; x_wconf 85' lang='grc'><strong><em>13</em></strong></span> <span class='ocrx_word' id='word_1_226' title='bbox 369 3358 480 3432; x_wconf 73' lang='grc' dir='ltr'><strong><em>ῥήματα</em></strong></span> <span class='ocrx_word' id='word_1_227' title='bbox 500 3363 640 3432; x_wconf 72' lang='lat' dir='ltr'>Scaliger,</span> <span class='ocrx_word' id='word_1_228' title='bbox 664 3359 698 3416; x_wconf 83' lang='grc' dir='ltr'><strong><em>τά</em></strong></span> <span class='ocrx_word' id='word_1_229' title='bbox 719 3361 829 3417; x_wconf 72' lang='lat' dir='ltr'><strong>addidit</strong></span> <span class='ocrx_word' id='word_1_230' title='bbox 846 3362 884 3417; x_wconf 89' lang='lat' dir='ltr'><strong><em>K:</em></strong></span> <span class='ocrx_word' id='word_1_231' title='bbox 908 3358 1040 3433; x_wconf 79' lang='grc' dir='ltr'><strong><em>χρήματέ</em></strong></span> <span class='ocrx_word' id='word_1_232' title='bbox 1062 3357 1176 3431; x_wconf 74' lang='grc' dir='ltr'><strong><em>χρήσιμ’</em></strong></span> 
     </span>
     <span class='ocr_line' id='line_1_31' title="bbox 162 3431 1176 3518; baseline 0.001 -34"><span class='ocrx_word' id='word_1_233' title='bbox 162 3431 366 3486; x_wconf 77' lang='lat' dir='ltr'>Rittershusius</span> <span class='ocrx_word' id='word_1_234' title='bbox 391 3433 426 3486; x_wconf 78' lang='lat' dir='ltr'><strong><em>ad</em></strong></span> <span class='ocrx_word' id='word_1_235' title='bbox 450 3432 551 3518; x_wconf 77' lang='lat' dir='ltr'><strong>Porph.</strong></span> <span class='ocrx_word' id='word_1_236' title='bbox 571 3432 628 3488; x_wconf 75' lang='lat' dir='ltr'><strong>vit.</strong></span> <span class='ocrx_word' id='word_1_237' title='bbox 648 3432 730 3502; x_wconf 77' lang='lat' dir='ltr'><strong>Pyth.</strong></span> <span class='ocrx_word' id='word_1_238' title='bbox 754 3452 781 3503; x_wconf 90' lang='lat' dir='ltr'><strong><em>p.</em></strong></span> <span class='ocrx_word' id='word_1_239' title='bbox 802 3440 834 3489; x_wconf 84' lang='grc'><strong><em>61</em></strong></span> <span class='ocrx_word' id='word_1_240' title='bbox 854 3433 934 3488; x_wconf 77' lang='grc' dir='ltr'><strong><em>Κυελ.</em></strong></span> <span class='ocrx_word' id='word_1_241' title='bbox 955 3435 1020 3504; x_wconf 73' lang='lat'>(224</span> <span class='ocrx_word' id='word_1_242' title='bbox 1037 3432 1176 3503; x_wconf 75' lang='grc' dir='ltr'><strong><em>Κίεειλ.)ή</em></strong></span> 
     </span>
     <span class='ocr_line' id='line_1_32' title="bbox 164 3497 1176 3573; baseline 0.005 -21"><span class='ocrx_word' id='word_1_243' title='bbox 164 3504 196 3552; x_wconf 77' lang='grc'><strong><em>16</em></strong></span> <span class='ocrx_word' id='word_1_244' title='bbox 214 3501 301 3555; x_wconf 89' lang='lat' dir='ltr'><strong>immo</strong></span> <span class='ocrx_word' id='word_1_245' title='bbox 324 3497 535 3572; x_wconf 85' lang='grc' dir='ltr'><strong><em>άκροαματικον</em></strong></span> <span class='ocrx_word' id='word_1_246' title='bbox 557 3506 567 3572; x_wconf 87' lang='grc' dir='ltr'><strong><em>ΙΙ</em></strong></span> <span class='ocrx_word' id='word_1_247' title='bbox 590 3501 763 3559; x_wconf 81' lang='grc' dir='ltr'><strong><em>21εέσιτέον</em></strong></span> <span class='ocrx_word' id='word_1_248' title='bbox 786 3523 812 3573; x_wconf 89' lang='lat' dir='ltr'><strong><em>p.</em></strong></span> <span class='ocrx_word' id='word_1_249' title='bbox 834 3510 894 3571; x_wconf 84' lang='lat'>109,</span> <span class='ocrx_word' id='word_1_250' title='bbox 915 3509 948 3557; x_wconf 93' lang='grc'><strong><em>10</em></strong></span> <span class='ocrx_word' id='word_1_251' title='bbox 968 3508 997 3560; x_wconf 74' lang='lat' dir='ltr'><strong><em>et</em></strong></span> <span class='ocrx_word' id='word_1_252' title='bbox 1014 3503 1073 3559; x_wconf 75' lang='lat' dir='ltr'><strong>vit.</strong></span> <span class='ocrx_word' id='word_1_253' title='bbox 1092 3502 1176 3573; x_wconf 74' lang='lat' dir='ltr'><strong>Pyth.</strong></span> 
     </span>
     <span class='ocr_line' id='line_1_33' title="bbox 162 3571 881 3642; baseline 0.006 -18"><span class='ocrx_word' id='word_1_254' title='bbox 162 3588 189 3638; x_wconf 85' lang='lat' dir='ltr'><strong><em>p.</em></strong></span> <span class='ocrx_word' id='word_1_255' title='bbox 206 3576 246 3638; x_wconf 78' lang='grc'><strong><em>17,</em></strong></span> <span class='ocrx_word' id='word_1_256' title='bbox 263 3576 295 3624; x_wconf 79' lang='grc'><strong><em>15</em></strong></span> <span class='ocrx_word' id='word_1_257' title='bbox 306 3571 374 3625; x_wconf 78' lang='lat' dir='ltr'><strong><em>Nk:</em></strong></span> <span class='ocrx_word' id='word_1_258' title='bbox 393 3572 547 3641; x_wconf 81' lang='grc' dir='ltr'><strong><em>εἰσιτητέον</em></strong></span> <span class='ocrx_word' id='word_1_259' title='bbox 560 3577 570 3642; x_wconf 78' lang='grc' dir='ltr'><strong><em>ΙΙ</em></strong></span> <span class='ocrx_word' id='word_1_260' title='bbox 583 3580 619 3628; x_wconf 78' lang='lat'><strong><em>24</em></strong></span> <span class='ocrx_word' id='word_1_261' title='bbox 637 3573 693 3629; x_wconf 86' lang='grc' dir='ltr'><strong><em>θύε</em></strong></span> <span class='ocrx_word' id='word_1_262' title='bbox 713 3577 881 3630; x_wconf 73' lang='lat' dir='ltr'>constanter.</span> 
     </span>
    </p>
   </div>
   <div class='ocr_carea' id='block_1_5' title="bbox 0 0 1340 3932">
    <p class='ocr_par' dir='ltr' id='par_1_12' title="bbox 0 0 1340 3932">
     <span class='ocr_line' id='line_1_34' title="bbox 0 0 1340 3932; baseline 0 1"><span class='ocrx_word' id='word_1_263' title='bbox 0 0 1340 3932; x_wconf 95' lang='lat' dir='ltr'><strong><em> </em></strong></span> 
     </span>
    </p>
   </div>
  </div>
 </body>
</html>
