2674 3932
188 209 230 272 16
600 209 792 265 IAMBLIOHI

126 372 138 390 ‘
187 368 365 456 προτρέπει
401 372 553 456 πρώτως·
590 373 628 437 τὸ
667 369 697 437 δ’
733 373 908 438 ἀπολιπεῖν
944 374 981 438 τὸ
1022 384 1117 458 σῶμα
1149 375 1206 441 καλ

180 487 386 564 μεταστῆναι
423 480 470 555 είς
505 480 565 543 τὸν
602 478 737 566 αίθέρα,
780 480 1013 564 μεταλλάττειν
1048 479 1104 546 καὶ
1140 483 1203 565 την

185 583 408 670 ἀνθρωπίνην
445 586 550 669 φύσιν
582 587 629 662 είς
664 587 726 669 την
758 597 825 652 τῶν
859 592 952 652 θεῶν
987 590 1201 674 καθαρότητα
1216 610 1242 648 12
1257 607 1283 646 A.

184 687 239 755 καλ
267 688 341 755 ἀντὶ
368 698 499 775 θνητοῦ
531 693 607 776 βίον
637 691 809 757 ἀθάνατον
838 693 925 775 ζωὴν
953 701 1201 779 προαιρεῖσθαι,

156 799 231 874 οείς
253 798 315 880 την
339 798 443 880 αὐτὴν
467 798 586 863 οὐσίαν
609 821 644 863 τε
668 797 961 864 ἀποκαθίστασθαι
989 798 1123 885 παρέχει
1146 798 1201 866 καί

183 904 264 988 μετά
296 909 388 968 θεῶν
424 906 598 990 περίοδον,
635 905 740 991 ἥνπερ
778 911 909 990 εἴχομεν
945 903 1001 970 καὶ
1037 909 1200 992 πρότερον

182 1007 263 1095 πρὶν
286 1010 401 1075 έλθείν
424 1012 471 1088 είς
494 1010 712 1097 ἀνθρώπινον
736 1006 833 1088 είδος.
879 1011 1030 1097 πέφηνεν
1055 1013 1120 1098 ἀρα
1141 1011 1197 1077 καί

182 1115 202 1198 η
236 1126 303 1180 τῶν
335 1118 498 1182 τοιούτων
531 1119 771 1204 παρακλήσεων
804 1117 951 1202 μέθοδος
985 1121 1032 1195 είς
1064 1120 1125 1184 ὅλα
1157 1120 1197 1183 τά

183 1219 263 1304 γένη
287 1232 354 1286 τῶν
378 1223 519 1307 ἀγαθῶν
546 1222 601 1289 καί
630 1225 712 1310 πρὸς
739 1225 847 1289 πάντα
876 1226 917 1288 τά
948 1226 1018 1309 είδη
1042 1232 1101 1308 τῆς
1124 1227 1197 1308 βελ-

143 1345 168 1384 10
182 1331 294 1406 τίονος
318 1333 399 1413 ζωῆς
421 1330 506 1413 ημᾶς
528 1329 770 1416 προτρέπουσα.

270 1435 326 1501 IV.
350 1438 395 1500 Εί
416 1433 453 1501 δέ
477 1438 529 1501 δεῖ
555 1438 673 1501 λοιπὸν
696 1434 751 1501 καί
779 1435 830 1502 ἐπὶ
854 1438 911 1514 τάς
939 1435 1131 1521 έσωτερικάς
1161 1459 1197 1500 τε

181 1539 236 1606 καί
255 1541 509 1626 ἐπιστημονικὰς
527 1543 717 1627 προτροπὰς
734 1542 888 1628 ὁρμῆσαι,
906 1541 1197 1628 προχειρισώμεθα

181 1648 312 1733 πρώτας
335 1647 472 1732 ἐκείνας,
497 1649 572 1714 ὅσαι
596 1649 676 1731 μετά
700 1657 761 1714 τοῦ
787 1650 928 1732 διδαχὴν
951 1648 1106 1733 παρέχειν
1128 1657 1197 1711 τῶν

180 1755 394 1844 κυριωτάτων
426 1753 480 1819 καὶ
517 1756 658 1839 πρώτων
691 1755 816 1820 οὐσιῶν
849 1753 934 1838 ὁμοῦ
969 1752 1026 1818 καλ
1059 1752 1197 1839 προτρέ-

141 1874 166 1915 1⁵
181 1877 303 1927 πουσιν
327 1858 380 1926 έπί
405 1861 469 1943 την
497 1861 700 1943 θεολογικην
727 1858 782 1925 καί
808 1862 932 1946 νοεράν
961 1859 1072 1924 αὐτῶν
1100 1859 1197 1924 ἀνεύ-

181 1969 274 2052 ρεσίυ
311 1988 345 2031 τε
377 1963 432 2030 καὶ
464 1967 632 2050 μάθησιν,
670 1964 725 2030 καὶ
759 1968 841 2052 πρὸς
872 1969 934 2051 την
966 1966 1196 2052 πρεσβυτάτην

180 2075 305 2155 σοφίαν
333 2077 592 2157 παρακαλοῦσιν.
634 2069 792 2159 Ἀρχύτας
820 2077 937 2139 τοίνυν
963 2073 1000 2138 ἐν
1026 2081 1071 2161 τῷ
1096 2070 1196 2158 Περὶ

180 2180 324 2260 σοφίας
341 2177 445 2254 εὐθὺς
459 2177 641 2264 ἀρχόμενος
655 2179 832 2266 προτρέπει
848 2179 966 2256 οὕτως·
981 2175 1195 2244 ’τοσοῦτον
1208 2198 1236 2236 40
1248 2197 1274 2235 Κ.

180 2282 363 2370 διαφέρει
405 2287 525 2369 σοφία
566 2284 608 2350 έν
648 2293 743 2351 πᾶσι
784 2297 871 2362 τοῖς
911 2285 1194 2371 ἀνθρωπίνοις

139 2406 166 2444 20
179 2391 422 2476 πράγμασιν,
443 2392 541 2458 ὅσον
560 2393 650 2471 ὄψις
668 2389 738 2478 μὲν
754 2395 980 2458 αίσθασίων
1000 2392 1192 2476 σώματος,

178 2501 272 2575 νόος
295 2496 337 2563 δέ
360 2508 503 2584 ψυχάς,
527 2500 639 2575 ἀλιος
662 2495 706 2564 δὲ
730 2500 893 2581 άστρων.
941 2501 1030 2578 ὄφις
1057 2521 1097 2562 τε
1120 2499 1192 2582 γάρ

179 2603 467 2689 ἑκαβολεστάτα
503 2602 567 2669 καί
607 2605 923 2669 πολυειδεστάτα
963 2614 1032 2668 τάν
1070 2603 1193 2667 ἀλλᾶν

178 2713 407 2776 αίσθασίων
444 2707 528 2774 ἐντὶ
568 2707 634 2774 καί
670 2712 762 2786 νόος
798 2710 945 2787 ὕπατος
986 2713 1087 2792 λάχω
1128 2706 1192 2772 καί

179 2818 362 2892 διανοίας
398 2817 440 2880 τὸ
479 2814 572 2880 δέον
613 2815 858 2899 έπικραίνων
899 2815 964 2881 καί
1001 2818 1091 2894 ὄψις
1126 2812 1193 2880 καὶ

138 2936 163 2976 2⁵
179 2924 346 3006 δύναμις
377 2931 453 2985 τῶν
484 2920 733 3004 τιμιωτάτων
765 2919 960 3006 ὑπάρχων.
1006 2921 1118 2997 άλιός
1149 2943 1191 3002 γε

178 3029 253 3113 μάν
277 3027 483 3111 ὀφθαλμός
506 3026 588 3092 ἐντι
611 3025 674 3091 καί
701 3028 805 3111 ψυχὰ
826 3037 903 3092 τῶν
934 3029 1057 3112 φύσιν
1082 3027 1192 3111 ἐχόν-
1208 3046 1273 3086 1³A.

177 3156 391 3164 --.-,---

250 3209 282 3258 18
292 3219 353 3270 sqq.
373 3203 515 3272 Archytae
533 3202 692 3271 fragmenssa
709 3222 734 3257 v.
754 3201 785 3254 in
798 3201 951 3258 MullachI
969 3221 995 3272 p.
1011 3208 1062 3258 558
1074 3220 1135 3270 sqq.

249 3368 283 3416 20
293 3358 454 3432 πράγμασιν
464 3380 500 3416 m.
511 3379 564 3418 rec.
574 3379 661 3429 marg.
673 3360 753 3416 Laur.
764 3366 807 3427 86,
817 3366 864 3415 29:
878 3357 1002 3430 σάμασιν
1017 3365 1026 3432 ΙΙ
1040 3367 1074 3416 23
1086 3359 1144 3415 έντί
1153 3360 1191 3414 K:
1308 3387 1309 3414 ι

178 3429 235 3486 ἐστὶ
249 3436 258 3503 ιλ
272 3430 343 3505 λόγῳ
358 3435 368 3502 ΙΙ
381 3439 416 3488 24
435 3435 464 3488 et
481 3451 508 3502 p.
525 3439 611 3500 17‚26
631 3435 760 3494 διανοίας
779 3431 825 3500 (el.
840 3452 866 3501 p.
887 3437 927 3498 18,
945 3436 970 3501 1)
985 3433 1055 3488 coni.
1071 3431 1108 3486 K:
1129 3435 1193 3486 δια-

177 3506 241 3557 νοία
260 3506 321 3573 1124
342 3503 421 3559 Galei
440 3507 546 3574 (opusc.
564 3503 682 3573 Mythol.
703 3522 729 3572 p.
746 3505 808 3572 732)
828 3503 1017 3558 coniecturam
1038 3502 1191 3569 ἐπικρίνων

177 3574 320 3642 improbat
332 3574 352 3627 1.
369 3574 448 3631 conr.
464 3574 551 3630 Orelli
567 3577 672 3644 (opusc.
687 3577 743 3628 vet.
758 3575 876 3630 sentent.
887 3573 913 3627 11
926 3593 953 3643 p.
968 3577 1039 3644 682).
