2670 3932
171 206 235 271 124
577 204 771 261 IAMBLICHI

114 373 156 448 λβ
265 369 310 432 Τὸ
339 364 377 435 δέ
403 368 691 454 άποκαρμάτων
718 377 797 433 σῶν
827 365 890 434 καλ
919 367 1186 453 ἀπονυχισμά-
1321 447 1322 472 1

169 498 246 540 των
268 475 463 542 κατάπτνε
486 474 575 560 λέγει
597 483 710 540 τοῦτο·
739 474 1014 559 εὐκαταφρόνητα
1042 475 1082 539 τά
1105 474 1186 561 σύμ-
1313 477 1322 560 ¹<

170 605 260 665 φυτα
283 580 344 666 μέν
363 597 428 665 σοι,
452 580 640 666 άῦυχύτερα
660 579 700 646 δέ
715 602 796 664 πως,
820 581 929 666 ὥσπερ
952 580 1129 667 τιμιώτερα
1147 581 1187 645 τά

170 688 394 774 ψυχικῶτερα·
415 688 521 764 ούτως
535 687 576 771 δὴ
590 684 646 752 καὶ
663 685 799 753 ἐπειδὰν
818 692 1018 772 φιλοσοφεῖν
1037 685 1187 773 ἐπιβάλῃ,

144 796 314 879 ῡπροτίμα
337 791 398 880 μὲν
421 795 462 860 τὰ
485 795 541 859 διὰ
563 803 672 878 ψυχῆς
693 791 749 859 καὶ
767 801 831 860 νοῦ
854 795 936 859 ἄνευ
959 794 1188 879 αἰσθητηρίων

171 900 436 985 ἀποδεικνύμενα
461 901 517 966 διὰ
538 906 792 987 θεωρηματικῆς
810 899 1000 986 ἐπιστήμης,
1023 902 1188 984 καταφρό-

171 1030 222 1071 νει
247 1003 284 1071 δὲ
306 1004 362 1072 καὶ
381 1005 544 1072 κατάπτυε
562 1015 629 1071 τῶν
648 1007 730 1071 ἄνευ
748 1013 906 1089 νοητικοῦ
925 1005 1037 1088 φωτὸς
1056 1003 1155 1083 δοξαζ
1175 1045 1188 1054 -

171 1111 283 1197 μένων
307 1113 362 1177 διὰ
384 1123 453 1178 τῶν
476 1113 661 1198 συμφύτων
683 1116 789 1191 ψιλῶς
812 1113 1058 1197 αἰσθητηρίων,
1086 1109 1107 1175 δ
1129 1134 1188 1195 μη-

171 1218 240 1285 κέτι
263 1219 396 1284 εύτονεῖ
414 1226 454 1303 τῇ
477 1226 538 1284 τοῦ
562 1227 624 1284 νοῦ
648 1217 810 1301 ἀιδιότητι
833 1227 1068 1303 παρομαρτεῖν.

118 1328 158 1399 ιγ’
265 1324 310 1389 Τὸ
339 1320 377 1389 δὲ
404 1322 597 1410 ἐρυθῖνον
625 1323 674 1409 μὴ
702 1324 1012 1408 προσλαμβάνον
1034 1325 1189 1408 φαίνεται
1203 1340 1280 1384 mx.

133 1449 158 1487 11
172 1431 256 1515 πρὸς
277 1432 339 1515 την
361 1439 423 1495 τοῦ
446 1429 610 1514 ὀνόματος
633 1428 853 1516 ἐτυμολογίαν
879 1431 981 1514 ψιλὴν
1005 1432 1189 1513 συμβεβλη-
1205 1451 1245 1492 158
1255 1446 1282 1486 A.

173 1543 264 1602 σθαι.
310 1536 586 1621 άπηρυθριακύτα
617 1537 682 1623 γὰρ
714 1534 770 1601 καὶ
798 1536 1021 1620 ἀναίσχυντον
1049 1536 1093 1620 μη
1122 1535 1190 1600 ἐπι-

174 1641 274 1728 δέχου
302 1645 501 1730 ἄνθρωπον,
533 1642 554 1727 ἢ
583 1643 620 1709 ἐκ
645 1652 706 1709 τοῦ
734 1643 890 1710 ἐναντίου
916 1647 1107 1726 καταπλῆγα
1134 1641 1191 1707 καλ

174 1748 211 1816 ἐν
238 1748 338 1815 παντὶ
365 1748 444 1815 καθ’
474 1749 666 1834 ὑπερβολὴν
693 1749 904 1836 ἐρυθριῶντα
932 1747 987 1814 καλ
1017 1749 1191 1814 ταπεινού-

134 1873 159 1913 1⁵
173 1880 277 1941 μενον
308 1857 374 1922 ὑπό
405 1879 441 1921 τε
472 1865 536 1922 νοῦ
566 1854 623 1921 καὶ
656 1855 823 1934 ἀσθενοῦς
855 1855 1013 1933 διανοίας.
1065 1856 1121 1920 διὰ
1153 1851 1191 1920 δὲ

138 1951 142 1958 ’
174 1963 296 2028 τούτου
319 1973 446 2028 νοεῖται
469 1963 506 2028 τὸ
530 1964 574 2049 μὴ
599 1962 698 2040 αὐτὸς
720 1970 872 2040 τοιοῦτος
895 1968 976 2028 ίσθι.
1314 1943 1329 2084 η

120 2071 161 2128 ιδ’
269 2069 314 2132 ss>
348 2064 385 2132 δὲ
415 2069 561 2153 χύτρας
592 2074 702 2154 ἴχνος
734 2068 807 2134 ἀπὸ
840 2070 991 2134 σποδοῦ
1028 2066 1191 2152 άφάνιζε

175 2176 328 2259 σημαίνει
347 2175 539 2261 συγχύσεως
556 2173 611 2240 καὶ
633 2184 828 2260 παχύτητος,
852 2174 933 2260 ὅπερ
957 2172 1027 2240 ἐστὶ
1050 2190 1192 2257 σωματι-

174 2291 243 2346 κῶν
262 2278 317 2346 καὶ
336 2282 509 2366 αίσθητῶν
528 2281 740 2366 ἀποδείξεων,
766 2281 1034 2349 ἐκλανθάνεσθαι
1054 2284 1192 2365 φιλοσοι

134 2403 160 2444 20
174 2398 253 2472 φεῖν
277 2387 549 2472 ἐπιβαλλόμενον,
572 2400 708 2472 νοηταῖς
732 2385 768 2454 δέ
791 2395 938 2474 χρῆσθαι
961 2392 1088 2473 μᾶλλον
1111 2385 1191 2452 ἀπο-

175 2491 326 2572 δείξεσιν.
372 2494 393 2577 ἡ
422 2490 460 2559 δὲ
488 2494 613 2571 σποδὸς
640 2492 715 2559 ἀντὶ
738 2503 795 2578 τῆς
817 2497 943 2570 κόνεως
964 2502 1023 2577 τῆς
1046 2490 1099 2558 ἐπὶ
1121 2504 1193 2570 τοῖς

175 2599 271 2683 άβαξι
289 2602 502 2685 παρελήφθη,
521 2596 575 2684 ἐφ’
592 2595 631 2683 ἧς
645 2601 682 2664 αί
699 2599 882 2678 ἀποδείξεις
900 2603 1191 2686 συμπεραίνονται.

121 2708 159 2765 λε’
265 2707 424 2790 Χρυσὸν
453 2703 490 2771 δὲ
514 2705 657 2791 ἐχούσῃ
686 2707 734 2790 μὴ
762 2709 951 2791 πλησίαζε
974 2705 1036 2772 ἐπὶ
1058 2727 1192 2770 τεκνο-

174 2811 300 2897 ποιίηι,
324 2811 365 2875 ού
388 2808 522 2894 γυναικὶ
545 2809 647 2894 λέγει,
672 2809 743 2876 ἀλλ’
764 2810 895 2897 αίρέσει
918 2809 973 2876 καὶ
997 2815 1191 2899 φιλοσοφίᾳ,

135 2935 161 2976 ιι
174 2907 258 3002 ᾗπέρ
282 2915 351 2981 ἐστι
368 2900 455 2981 πολὺ
473 2918 511 2982 τὸ
531 2919 720 3002 σωματικὸν
737 2916 793 2984 καὶ
811 2919 1004 3003 κατάφορον
1025 2920 1072 2996 είς
1090 2920 1192 3003 βαρύ·
1206 2934 1281 2974 ³⁷4K·
1320 2909 1329 2938 ³

174 3047 263 3107 τητα.
304 3023 439 3088 πάντων
462 3025 526 3110 γὰρ
549 3034 616 3089 τῶν
640 3021 693 3088 ἐπὶ
710 3034 772 3109 γῆς
790 3025 977 3109 βαρύτατον
995 3026 1120 3110 χρυσὸς
1136 3021 1192 3090 καὶ

174 3138 232 3213 τῆς
253 3127 305 3195 ἐπὶ
323 3131 361 3194 τὸ
380 3128 483 3212 μέσον
501 3138 609 3216 φορᾶς
627 3131 815 3214 διωκτικύν,
839 3130 920 3216 ὅπερ
937 3130 1064 3217 βάρους
1083 3146 1192 3215 σωμα-

174 3243 268 3301 τικοῦ
283 3235 381 3301 ίδιον.
417 3236 455 3300 τὸ
471 3233 508 3301 δὲ
525 3236 758 3319 πλησιάζειν
777 3235 819 3303 ού
837 3239 943 3320 μόνον
958 3238 1192 3320 συγγίνεσθαι,
1207 3253 1279 3295 15η

175 3340 258 3405 ἀλλά
286 3338 341 3405 καὶ
368 3345 574 3425 συνεγγίζειν
605 3340 673 3406 ἐστὶ
702 3340 758 3408 καί
784 3346 927 3426 πλησίον
956 3345 1193 3408 καθίστασθαι.

182 3555 193 3580 ‹
269 3501 301 3548 10
321 3491 476 3576 ἐρυθρῖνον
494 3497 636 3620 βίῶοαορ
656 3515 690 3552 ex
708 3502 799 3569 corn).
819 3498 853 3554 cf.
869 3498 905 3554 ad
919 3518 946 3570 p.
963 3501 1126 3569 108,81122
1142 3495 1192 3569 ἐφ’

176 3583 210 3632 ης
229 3565 300 3634 κτλ]
321 3564 355 3618 cf.
371 3567 429 3620 V1t.
443 3565 497 3635 Pyt
519 3609 524 3621 .
539 3586 566 3636 p.
583 3572 624 3636 18,
641 3574 673 3622 13
683 3585 722 3636 sq.
738 3569 791 3622 Nk.
