2670 3932
434 181 703 238 Ραοοοοοοιοοε
723 184 756 252 (ο.
771 182 843 252 xx).
1103 181 1146 246 95

132 345 290 431 θράπους
312 347 594 428 καταγωνίζεσθαι
621 344 640 409 δ
668 352 725 427 τῆς
747 344 903 429 ἀνδρείας
918 327 1145 430 ’παραγγέλλει

132 455 234 536 νόμος
260 449 315 516 καὶ
342 452 382 516 τά
409 451 643 535 βλαβερώτατοι
674 461 742 515 τῶν
773 451 905 536 θηρίων
937 456 1145 535 χειροῦσθαι,

132 567 252 642 χωρεῖν
274 581 309 623 τε
332 555 384 623 ἐπὶ
407 559 487 634 τοὺς
508 557 690 632 κινδύνους
718 557 771 622 δεῖ
792 557 976 640 προθύμως
997 553 1053 620 καὶ
1075 555 1146 620 ἐθί-

45 681 117 723 116A.
134 669 248 743 ζεσθαι
270 664 392 740 αὐτοὺς
414 661 609 747 ὑπομένειν,
638 664 763 748 ίδωμεν
789 661 845 728 καὶ
868 664 951 748 πρὸς
973 669 1075 727 ταῦτα
1098 664 1147 738 τίς

131 770 215 855 ἡμᾶς
247 769 406 853 ἐπιστήμη
438 769 459 853 δ
490 769 631 855 δύναμις
662 769 900 856 παρασκευάζει
932 767 1173 852 ἐπιτηδείουςο
1273 791 1281 798 ·

132 876 271 962 οὐδεμία
289 875 331 940 διν
350 878 445 959 άλλη,
465 876 509 952 ὡς
527 867 663 965 ἐγῷμαι,
686 875 706 959 ἦ
726 877 811 960 μόνη
831 876 1025 959 φιλοσοφία.
1062 873 1145 957 αὕτη

130 984 193 1067 γάρ
214 983 387 1069 διαμελετᾷ
405 993 577 1067 καρτερεῖν
595 980 650 1047 καὶ
671 990 732 1047 τοῦ
752 983 904 1048 θανάτου
922 990 1147 1066 καταφρονεῖν

132 1087 323 1172 ἐγκράτειαν
345 1110 381 1152 τε
404 1086 588 1171 ἐπιτηδεύει
612 1082 656 1152 δι’
683 1088 764 1154 ὅλου
790 1096 850 1154 τοῦ
875 1091 963 1171 βίου,
986 1084 1147 1170 καὶπρὸς

131 1189 192 1279 μὲν
219 1195 298 1270 τοὺς
323 1195 448 1271 πόνους
476 1193 615 1260 έναθλεῖ
640 1197 816 1278 γενναίως,
849 1204 916 1258 τῶν
949 1190 986 1258 δέ
1012 1192 1147 1276 ἡδονῶν

130 1300 278 1386 ὑπερορᾷ
301 1301 499 1367 παντάπασι.
546 1304 650 1386 μόνης
678 1301 742 1387 άρα
764 1300 887 1384 ταύτης
910 1299 1146 1383 άντιλαμβάνε-
1162 1318 1188 1356 10

131 1413 213 1471 σθαι
231 1407 293 1492 χρὴ
312 1409 391 1484 τοὺς
409 1406 636 1493 βουλομένους
649 1418 717 1472 τῶν
731 1409 837 1472 θείων
851 1406 904 1471 καὶ
921 1406 1147 1490 ἀνθρωπίνων

131 1511 270 1595 ἀγαθῶν
289 1512 423 1578 πάντων
441 1513 708 1597 μεταλαγχάνειν.
747 1511 791 1590 ὡς
813 1515 877 1597 γάρ
899 1511 1009 1587 ἁπλῶς
1032 1513 1147 1591 εἰπεῖν,

132 1617 150 1681 ὅ
173 1639 205 1682 τι
224 1618 266 1682 άν
284 1639 333 1693 τις
351 1615 452 1702 ἐθέλῃ
471 1616 714 1702 ἐξεργάσασθαι
732 1619 779 1693 είς
796 1614 890 1692 τέλος
907 1617 945 1679 τὸ
964 1613 1146 1698 βέλτιστον,

133 1723 190 1798 έάν
213 1745 248 1788 τε
267 1725 392 1806 σοφίαν
415 1722 475 1789 έάν
495 1747 531 1788 τε
550 1723 709 1809 ἀνδρείαν
728 1721 839 1788 ἐάντε
859 1721 1065 1805 εὐγλωσσίαν
1089 1718 1147 1785 έάν

130 1851 166 1894 τε
184 1828 305 1914 ἀρετὴν
323 1829 343 1913 ἢ
363 1830 424 1912 τὴν
443 1831 620 1915 σύμπασαν
643 1828 664 1914 ἣ
683 1827 782 1916 μέρος
800 1852 832 1894 τι
851 1829 962 1912 αὐτῆς,
987 1826 1022 1893 έκ
1042 1828 1148 1892 τῶνδε
1163 1845 1188 1884 1⁵

132 1927 205 2000 οἷάν
227 1958 262 2000 τε
282 1929 368 2000 εἶναι
385 1937 661 2021 κατεργάσασθαι,
704 1944 810 2020 φῦναι
829 1932 890 2020 μὲν
908 1945 1041 2019 πρῶτον
1064 1935 1147 2016 δεῖν,

41 2057 116 2098 28011·
131 2038 187 2105 καὶ
211 2051 309 2107 τοῦτο
333 2039 395 2126 μὲν
417 2051 456 2126 τῇ
480 2043 561 2128 τύχη
586 2042 830 2125 ἀποδεδόσθαι,
856 2042 897 2106 τδι
921 2037 958 2106 δὲ
982 2037 1031 2106 ἐπ’
1058 2041 1147 2129 αὐτῷ

132 2147 196 2229 ἤδη
228 2153 274 2232 τῷ
302 2146 471 2234 άνθρώπφ
503 2149 583 2213 τάδε
616 2144 717 2230 εἶναι,
746 2147 956 2231 ἐπιθυμητὴν
988 2145 1148 2230 γενέσθαι

132 2260 199 2315 τῶν
221 2256 333 2315 καλῶν
355 2250 411 2316 καὶ
434 2251 574 2334 ἀγαθῶν
598 2256 785 2337 φιλόπονόν
806 2276 842 2318 τε
864 2250 919 2317 καὶ
945 2256 1148 2337 πρωιαίτατα

132 2355 350 2440 μανθάνοντα
373 2355 429 2422 καὶ
451 2360 559 2422 πολὺν
581 2360 706 2442 χρόνον
726 2358 840 2434 αὐτοῖς
858 2360 1146 2423 συνδιατελούνια.
1162 2375 1188 2414 20

133 2464 164 2527 εί
181 2461 268 2527 δέτι
287 2461 423 2528 ἀπέσται
441 2463 570 2529 τούτων
588 2462 644 2530 καὶ
662 2463 710 2547 ἕν,
731 2463 792 2548 οὐχ
812 2455 885 2528 οἷόν
904 2461 942 2527 τί
959 2463 1049 2527 ἐστιν
1069 2460 1149 2529 οὐδὲ

132 2568 166 2646 ές
188 2568 281 2647 τέλος
308 2571 345 2634 τὸ
373 2571 477 2656 άκρον
505 2569 764 2656 ἐξεργάσασθαι,
793 2573 927 2654 ἔχοντος
956 2565 993 2634 δὲ
1020 2569 1149 2633 ἅπαντα

132 2684 250 2757 ταῦτα,
281 2675 531 2761 ἀνυπέρβλητον
559 2680 707 2760 γίγνεται
738 2683 853 2759 τοῦτο,
887 2676 905 2741 ὅ
934 2697 966 2740 τι
995 2673 1037 2739 άν
1066 2674 1148 2759 άσκῇ

132 2804 182 2856 τις
213 2790 280 2844 τῶν
311 2781 510 2866 ἀνθρώπων.
556 2785 587 2847 εί
613 2784 654 2867 δὴ
682 2780 738 2847 καὶ
766 2779 818 2848 ἐπὶ
847 2792 913 2846 τῶν
941 2782 1051 2846 άλλων
1080 2779 1148 2845 έπι-

39 2902 117 2943 11¹1A·
133 2895 267 2969 στιγμῶν
294 2885 403 2969 ὀρθὸν
429 2896 544 2970 τοῦτο,
577 2891 669 2976 πόσςο
699 2889 740 2972 δὴ
771 2886 873 2954 πλέον
905 2885 959 2953 ἐπὶ
990 2896 1047 2972 τῆς
1074 2887 1148 2970 ἡγε-
1162 2903 1188 2944 2⁵

132 2990 358 3075 μονικωτάτιγς
380 3002 495 3057 πασῶν
517 3003 584 3058 τῶν
606 3004 748 3078 τεχνῶν,
772 2996 988 3077 φιλοσοφίας;
1023 2995 1149 3070 πόνους

132 3119 168 3161 τε
192 3097 244 3161 δεῖ
265 3096 390 3173 πάντας
412 3096 619 3181 ὑφίστασθαι
638 3101 801 3182 γενναίως
822 3096 878 3165 καὶ
896 3101 1020 3184 χρόνον
1038 3101 1148 3163 πολὺν

133 3205 386 3268 καταναλίσκειν
410 3205 457 3280 είς
478 3204 539 3287 τὴν
562 3205 713 3288 μάθησιν
731 3208 926 3290 προθυμίαν
945 3228 980 3269 τε
1003 3203 1148 3290 εἰσφέρε-

223 3402 238 3450 6
262 3391 383 3464 ούδεμία
406 3415 444 3450 αν
468 3397 579 3468 scripsit
602 3397 640 3464 K,
669 3396 718 3464 qui
745 3398 809 3466 post
833 3392 903 3465 άλλη
931 3397 1010 3453 addit
1038 3399 1082 3464 είη
1109 3398 1151 3464 (at

134 3466 168 3520 cf.
191 3465 265 3521 infra
288 3485 315 3537 p.
335 3471 377 3535 98,
399 3469 456 3538 19)ι
484 3465 517 3522 ού
541 3466 574 3524 δὲ
599 3469 666 3538 μίαν
690 3461 727 3521 &v
754 3470 763 3536 ΙΙ
791 3474 806 3524 8
830 3484 897 3522 num
921 3462 1117 3537 ἐπιτηδεύεινλ
1141 3467 1154 3538 Η·

134 3542 167 3590 21
190 3533 277 3608 έοτιν]
298 3535 364 3593 έοτι,
