2674 3932
458 188 734 245 Ροονειεενιοοε
754 192 860 263 (ενι).
1125 192 1168 258 39

72 369 136 412 ιιι.
151 344 238 415 εἶναι
265 353 433 436 φρόνησιν
460 349 481 434 ἢ
509 361 576 416 τῶν
603 350 761 438 ὑστέρων.
809 352 849 417 οὐ
878 354 941 438 γδιρ
969 365 1072 421 ταῦτα
1101 366 1169 421 τῶν

151 458 263 541 ἀκρων
291 453 366 522 οὐδ’
401 457 436 522 ἐκ
463 458 593 522 τούτων
622 459 662 522 τά
689 469 802 544 πρῶτα
834 458 997 544 πέφυκεν,
1031 460 1101 527 ἀλλ’
1135 461 1168 542 ἐξ

151 563 288 628 ἐκείνων
311 561 366 628 καὶ
390 561 435 628 δι’
463 563 600 629 ἐντείνων
623 558 726 629 τάλλα
756 566 905 647 γίγνεται
932 563 986 631 καί
1012 571 1168 634 συνίστα-

149 692 204 734 ται
227 679 389 754 φανερῶς.
432 675 496 734 είτε
513 671 578 756 γὰρ
597 679 664 756 πῦρ
688 665 746 736 εί’τ’
768 671 831 757 ἀὴρ
853 678 917 737 εῖτε
941 673 1085 759 ἀριθμὸς
1104 681 1167 740 είτε

150 776 247 840 ἀλλαι
269 773 357 852 τινες
378 775 496 861 φύσεις
515 779 617 843 αίτίαι
635 775 691 842 καὶ
708 790 835 866 πρῶται
853 789 920 843 τῶν
939 780 1061 864 ἀλλων,
1085 780 1192 846 ἁδύ-5

149 904 253 946 νατον
279 891 348 947 τῶν
375 883 488 948 ἀλλων
514 905 546 948 τι
569 884 768 967 γιγνώσκειν
794 884 923 963 ἐκείνας
945 885 1168 970 ἀγνοοῦντας·

149 997 219 1064 πῶς
240 989 304 1071 γδρ
328 989 370 1054 ἀν
397 1013 447 1066 τις
474 988 494 1073 ἢ
524 992 625 1073 λόγον
647 994 805 1075 γνωρίζοι
834 993 1000 1076 συλλαβὰς
1023 993 1166 1077 ἀγνοῶν,

148 1093 169 1176 ἣ
193 1095 314 1171 ταύτας
337 1093 503 1160 ἐπίσταιτο
528 1092 634 1180 μηδὲν
657 1108 725 1161 τῶν
748 1099 922 1182 στοιχείων
945 1099 1056 1177 είδώς;

230 1198 300 1266 Ὅτι
328 1198 390 1285 μὲν
417 1196 480 1267 οὖν
508 1211 566 1285 τῆς
594 1202 754 1287 ἀληθείας
783 1201 838 1269 καὶ
866 1213 924 1288 τῆς
951 1205 1027 1291 περὶ
1054 1207 1167 1292 ψυχὴν

149 1307 267 1392 ἀρετῆς
290 1307 380 1373 ἐστιν
400 1308 560 1394 ἐπιστήμη
583 1307 638 1375 καὶ
662 1311 748 1375 διότι
767 1310 907 1377 δυνατοὶ
929 1316 1045 1396 λαβεῖν
1065 1313 1166 1389 αὐτοῖς
1181 1329 1207 1369 1⁰

64 1423 67 1427 ’
149 1413 259 1498 ἐσμεν,
275 1423 379 1478 ταῦτα
393 1413 473 1498 ἡμῖν
488 1417 637 1501 είρησθω
652 1414 728 1502 περὶ
743 1416 869 1482 αὐτῶν·
888 1418 938 1483 ὅτι
958 1415 995 1483 δὲ
1010 1416 1166 1504 μέγιστόν
1226 1469 1229 1474 .

150 1519 220 1585 ἐστι
233 1531 301 1584 τῶν
316 1520 455 1602 ἀγαθῶν
469 1519 525 1586 καὶ
538 1522 673 1586 πάντων
689 1521 948 1606 ὠφελιμώτατον
961 1534 1029 1589 τῶν
1044 1526 1165 1608 ἀλλων,

149 1625 186 1690 ἐκ
208 1626 315 1690 τῶνδε
339 1626 452 1708 δῆλον.
488 1626 607 1702 πάντες
625 1626 689 1712 γὰρ
714 1626 944 1711 ὁμολογοῦμεν
963 1629 1013 1693 ὅτι
1036 1630 1089 1694 δεῖ
1105 1626 1167 1714 μὲν

148 1733 210 1797 τὸν
224 1732 490 1796 σπουδαιότατον
505 1730 689 1819 ἄρχεινκαὶ
707 1733 767 1797 τὸν
780 1734 842 1816 την
857 1734 962 1818 φύσιν
977 1735 1164 1819 κράτιστον,
1192 1802 1194 1806 ,

149 1840 210 1903 τὸν
234 1835 271 1902 δὲ
294 1840 402 1920 νόμον
424 1838 570 1925 ἄρχοντα
592 1835 647 1903 καὶ
670 1839 789 1924 κύριον
813 1833 900 1903 εἶναι
922 1841 1041 1923 μόνον·
1066 1835 1164 1918 οὗτος
1179 1859 1204 1899 ιτ

56 1963 136 2006 1101.
152 1941 188 2008 δὲ
212 1946 377 2029 φρόνησίς
399 1967 449 2021 τις
470 1942 526 2009 καὶ
549 1947 648 2028 λόγος
671 1944 734 2010 ἀπὸ
758 1945 954 2029 φρονήσεώς
977 1945 1076 2011 ἐστιν.
1117 1949 1166 2012 ἔτι

150 2046 187 2115 δὲ
209 2053 259 2128 τίς
281 2050 362 2136 ἡμῖν
384 2052 497 2117 κανὼν
520 2051 541 2135 ἣ
564 2054 614 2128 τίς
637 2053 715 2138 ὅρος
737 2050 969 2138 ἀκριβέστερος
995 2062 1062 2118 τῶν
1086 2053 1165 2138 ἀγα·

148 2164 224 2222 δῶν
247 2158 335 2242 πλην
359 2158 376 2224 6
401 2161 580 2244 φρόνιμος;
606 2159 667 2223 ὅσα
690 2160 754 2244 γδιρ
778 2157 821 2222 διν
839 2154 937 2235 οὗτος
955 2158 1063 2226 ἕλοιτο
1082 2162 1164 2227 κατὰ

148 2264 210 2346 την
241 2263 426 2348 ἐπιστήμην
458 2265 672 2350 αίρούμενος,
705 2260 797 2328 ταῦτ’
829 2261 920 2329 ἐστὶν
949 2263 1076 2348 ἀγαθοί,
1109 2265 1165 2332 καὶ

148 2371 232 2434 κακά
256 2366 294 2435 δὲ
316 2371 356 2434 τά
376 2369 511 2435 ἐναντία
528 2370 669 2445 τούτοις.
706 2366 776 2434 ἐπεὶ
795 2365 832 2432 δὲ
851 2370 971 2446 πάντες
989 2371 1162 2456 αίροῦνται
1177 2390 1204 2430 2⁰

148 2475 290 2558 μάλιστα
312 2478 352 2542 τὰ
371 2477 454 2541 κατά
471 2478 529 2554 τὰς
548 2478 671 2552 οίκείας
690 2473 772 2553 ἔξεις
795 2472 846 2560 (τὸ
866 2471 927 2559 μὲν
945 2477 1009 2560 γδρ
1024 2478 1165 2566 δικαίως

67 2599 134 2643 ωε.
150 2584 208 2665 ζῆν
222 2581 240 2648 6
256 2583 393 2666 δίκαιος,
417 2583 454 2647 τὸ
475 2578 512 2648 δὲ
530 2583 612 2647 κατὰ
630 2583 691 2665 την
710 2580 869 2667 ἀνδρείαν
889 2581 907 2646 6
926 2583 988 2666 την
1003 2583 1163 2669 ἀνδρείαν

147 2691 243 2773 ἔχων,
268 2688 285 2754 6
311 2685 348 2754 δὲ
371 2689 518 2773 σώφρων
540 2689 578 2752 τὸ
598 2698 790 2773 σωφρονεῖν
813 2685 959 2774 ὁμοίως),
985 2689 1089 2772 δῆλον
1112 2691 1163 2756 ὅτι

145 2792 201 2858 καὶ
223 2794 261 2859 τὸ
281 2803 423 2880 φρονεῖν
443 2794 461 2859 6
480 2796 646 2879 φρόνιμος
664 2794 834 2878 αλρησεται
852 2794 987 2862 πάντων
1006 2796 1162 2880 μάλιστα·

145 2908 244 2966 τοῦτο
267 2903 331 2987 γὰρ
355 2903 456 2987 ἔργον
473 2902 595 2983 ταύτης
612 2908 670 2983 τῆς
689 2900 870 2984 δυνάμεως.
909 2901 991 2966 ὥστε
1011 2906 1161 2989 φανερὸν
1175 2919 1200 2962 2⁵

146 3006 196 3072 ὅτι
224 3009 306 3072 κατὰ
329 3007 392 3090 την
419 3006 628 3093 κυριωτάτην
655 3009 767 3091 κρίσιν
794 3007 971 3091 κράτιστόν
999 3007 1068 3073 ἐστι
1094 3020 1162 3074 τῶν

235 3278 251 3326 2
270 3267 363 3340 ἀρχῶν
383 3269 454 3324 coni.
468 3268 506 3323 K:
525 3269 591 3322 fort.
609 3267 728 3337 πρώτων
741 3269 781 3337 113
801 3269 849 3322 καί
867 3264 955 3323 τᾶλλα
974 3271 1003 3322 θλ
1019 3276 1049 3324 11
1066 3266 1110 3328 ὅτι
1128 3267 1160 3325 δὲ

144 3343 193 3397 καί
211 3342 284 3396 liber
301 3340 348 3410 111,
368 3339 418 3395 ubi
436 3342 493 3395 είτε
511 3337 566 3409 γὰρ
585 3371 619 3380 -
638 3338 704 3405 περὶ
722 3334 817 3393 αὐτῶν
837 3342 935 3424 (4.11)
954 3355 1009 3394 om.
1027 3342 1036 3410 ΙΙ
1054 3347 1089 3395 20
1113 3337 1161 3396 τά-

143 3415 246 3468 ναντία
264 3412 313 3467 lib.
328 3411 376 3480 ΠΙ,
395 3412 444 3466 ubi
461 3411 512 3466 καὶ
531 3412 608 3480 (καῖε
627 3407 715 3480 κακὰ)
735 3412 765 3465 et
782 3430 854 3464 κατα
873 3407 925 3478 τὴν
945 3404 1099 3495 ἐπιστήμην
1118 3410 1161 3496 αξ-

142 3481 281 3610 ρίρύμρῖρος
300 3485 402 3538 desunt
415 3485 424 3553 ΙΙ
438 3489 471 3537 21
491 3480 526 3538 τὰ
542 3499 596 3539 om.
611 3483 660 3538 lib.
675 3479 738 3551 1111}
752 3487 786 3536 23
805 3484 870 3536 ante
890 3479 994 3551 ὁμοίως
1012 3482 1162 3553 διελιοςιιιτ
