2674 3932
443 209 715 266 Ριιοοιιεναοοε
734 213 768 282 (ι.
783 212 828 282 v).
1100 213 1141 277 31
1172 283 1176 290 ,

129 374 214 437 κότι·
237 379 282 459 τῷ
308 367 344 436 δὲ
367 368 442 456 περὶ
464 372 692 456 φιλομάθειαν
715 369 771 438 καὶ
798 371 872 458 περὶ
897 375 956 451 τὰς
984 382 1042 464 τῆς
1065 373 1143 462 ἀλή-
1253 397 1256 402 ·

129 479 226 554 θείας
248 479 429 564 φρονήσεις
452 476 670 543 ἐσπουδακότι
696 477 751 543 καὶ
778 477 881 544 ταῦτα
908 481 1048 561 μάλιστα
1075 491 1143 546 τῶν

129 582 234 648 αὑτοῦ
251 582 529 669 γεγυμνασμένῳ,
553 594 694 668 φρονεῖν
717 579 778 669 μέν
797 581 951 650 ἀθάνατα
973 585 1030 651 καὶ
1051 593 1141 670 θεῖα,

108 691 234 775 όνπερ
254 688 413 772 ἀληθείας
432 689 625 773 ἐφάπτηται,
644 699 733 756 πάσα
749 690 875 776 ἀνάγκη
894 713 972 776 που,
991 696 1142 759 καθόσον

131 793 161 861 δ’
180 791 223 860 αὖ
237 806 409 880 μετασχεῖν
424 795 621 881 ἀνθρωπίνῃ
637 797 737 881 φύσει
756 797 944 875 ἀθανασίας
963 799 1141 884 ἐνδέχεται,
1156 823 1179 864 5·
1250 854 1253 860 ,

129 903 251 969 τούτου
275 896 380 987 μηδὲν
403 899 502 985 μέρος
523 900 730 986 ἀπολείπειν,
759 904 814 968 άτε
838 891 879 987 δή
904 903 955 969 ἀεὶ
976 911 1141 991 θεραπεν-
1190 924 1193 930 ·

130 1031 211 1073 οντα
232 1008 271 1072 τὸ
294 1013 392 1072 θεῖον
414 1007 533 1091 ἔχοντά
559 1031 595 1073 τε
623 1008 726 1073 αὐτὸν
750 1003 788 1074 εὖ
810 1010 1059 1095 κεκοσμημένον
1082 1014 1141 1078 τὸν

55 1136 115 1178 εικ.
131 1116 274 1197 δαίμονα
293 1111 450 1190 ξύνοικον
468 1111 585 1202 ἑαυτῷ,
605 1116 832 1203 διαφερόντως
850 1117 1032 1204 εὐδαίμονα
1047 1113 1140 1184 εἶναι.

130 1222 290 1306 θεραπεία
313 1219 351 1289 δὲ
374 1224 415 1307 δή
438 1222 538 1290 παντὶ
560 1226 683 1301 παντὸς
703 1228 771 1310 μία,
795 1227 853 1304 τάς
876 1228 998 1303 οἰκείας
1017 1225 1141 1315 ἑκάστῳ

129 1331 256 1414 τροφάς
278 1327 333 1395 καὶ
355 1333 501 1414 κινήσεις
524 1330 737 1396 ἀποδιδόναι·
764 1339 809 1420 τῷ
835 1327 866 1397 δ’
893 1333 928 1398 ἐν
951 1333 1033 1418 ἡμῖν
1056 1337 1140 1422 θείῳ
1156 1357 1181 1397 ιο

105 1433 108 1438 “
130 1433 298 1519 ξυγγενεῖς
320 1437 385 1502 είσι
407 1441 553 1522 κινήσεις
576 1441 614 1500 αῖ
637 1446 697 1502 τοῦ
727 1439 850 1516 παντὸς
874 1440 1063 1524 διανοήσεις
1085 1438 1141 1504 καὶ

53 1561 115 1605 οιΑ.
129 1535 317 1628 περιφοραί.
363 1544 497 1620 ταύταις
526 1543 567 1626 δή
591 1537 654 1607 οὖν
677 1541 902 1629 ξυνεπόμενον
926 1544 1066 1611 ἕκαστον
1090 1547 1144 1611 δεῖ
1234 1545 1236 1548 ’

129 1649 187 1725 τάς
218 1647 293 1733 περὶ
324 1650 386 1732 τήν
415 1649 548 1732 γένεσιν
585 1648 622 1713 ἐν
653 1658 692 1733 τῇ
725 1655 852 1734 κεφαλή
890 1649 1161 1737 διεφθαρμένας

128 1753 223 1837 ἡμῶν
245 1756 423 1837 περιόδους
446 1753 627 1839 ἐξορθοῦν,
652 1755 707 1819 διὰ
729 1756 767 1820 τδ
790 1757 1062 1840 καταμανθάνειν
1084 1759 1142 1834 τάς
1189 1818 1199 1838 ,

128 1867 189 1926 τοῦ
206 1862 329 1938 παντὸς
348 1861 510 1947 ἁρμονίας
527 1859 583 1926 καὶ
600 1862 795 1948 περιφοράς,
818 1871 864 1951 τῷ
883 1863 1180 1951 κατανοουμένῳ·ιτ

130 1962 166 2032 δὲ
188 1969 226 2032 τὸ
249 1977 436 2033 κατανοοῦν
460 1966 656 2051 ἐξομοιῶσαι
678 1969 760 2033 κατὰ
782 1969 843 2052 τήν
862 1967 1003 2054 ἀρχαίαν
1026 1971 1141 2054 φύσιν,

129 2071 338 2157 δμοιάσαντα
357 2069 394 2138 δέ
412 2072 505 2151 τέλος
523 2063 610 2158 ἔχειν
628 2082 690 2139 τοῦ
707 2074 930 2160 προτεθέντος
948 2076 1142 2163 ἀνθρώποις
1173 2085 1174 2088 ’

129 2177 193 2244 ὑπὸ
216 2187 308 2245 θεῶν
331 2179 468 2264 ἀρίστου
492 2183 570 2263 βίου
581 2182 675 2263 ,πρός
697 2203 733 2244 τε
754 2182 815 2246 τὸν
833 2184 981 2267 παρόντα
1004 2181 1061 2273 καὶ·
1082 2185 1141 2248 τὸν

130 2287 250 2356 ἔπειταΙ
266 2287 398 2372 χρόνον.
445 2285 487 2350 οὐ
514 2287 578 2370 γὰρ
607 2286 647 2368 δή
676 2290 842 2351 λυσιτελεῖ
865 2289 1142 2376 τὸιπαντοδαπὸν
1201 2289 1204 2294 ’

129 2395 253 2478 θηρίον
276 2394 386 2478 ὥσπερ
409 2391 673 2476 τήνέπιθυμίαν
692 2392 900 2477 εὐτυχοῦντας
922 2405 1032 2459 ποιεῖν
1051 2396 1141 2479 ίσχυ-
1154 2418 1180 2458 νο
1281 2383 1284 2390 ⁴

54 2537 59 2547 ·
130 2501 206 2584 ρόν,
234 2496 315 2565 οὐδὲ
341 2493 402 2564 τόν
429 2497 547 2565 λέοντα
575 2490 649 2564 οἷον
680 2500 740 2564 τὸν
771 2501 885 2584 θυμὸν
915 2498 970 2565 καὶ
996 2502 1037 2565 τά
1064 2500 1141 2588 περὶ

129 2606 187 2670 τὸν
211 2604 329 2671 λέοντα
352 2603 488 2691 τρέφειν
512 2604 606 2683 ἀξιον
628 2603 684 2670 καὶ
710 2606 832 2690 ίσχυρά
858 2617 968 2672 ποιεῖν
991 2606 1028 2672 ἐν
1050 2592 1141 2691 ἡμῖν,

53 2729 115 2768 εεΚ.
129 2713 188 2777 τὸν
217 2708 255 2777 δέ
281 2713 464 2798 ἀνθρωπον
493 2699 603 2798 ὥσπερ
630 2714 689 2778 τὸν
721 2715 823 2796 λόγον
851 2719 1060 2798 λιμοκτονεῖν
1086 2713 1141 2780 καλ

129 2827 239 2882 ποιεῖν
262 2817 399 2902 ἀσθενῆ,
423 2819 468 2896 ὡς
490 2817 646 2884 ἕλκεσθαι
669 2819 733 2904 ὅπῃ
758 2818 799 2884 άν
823 2819 959 2886 ἐκείνων
979 2822 1141 2908 ὁπότερον

131 2923 211 3007 άγή,
238 2920 293 2988 καὶ
320 2921 423 3008 μηδὲν
446 2924 562 3011 ἕτερον
589 2923 689 3013 ἑτέρῳ
718 2929 907 3006 συνεθίζειν
930 2925 1013 3013 μηδὲ
1038 2932 1139 3013 φίλον
1154 2947 1180 2988 ετ

128 3038 251 3094 ποιεῖν·
276 3028 358 3094 ἀλλά
380 3034 465 3098 πολὺ
489 3036 616 3114 μᾶλλον
638 3033 698 3097 τὸν
722 3031 759 3096 ἐν
781 3031 862 3117 ἡμῖν
885 3039 983 3102 θεῖον
1007 3035 1140 3120 ἀνθρω-

130 3156 195 3199 πον
222 3124 283 3200 τοῦ
310 3136 546 3222 πολυκεφάλου
576 3134 767 3228 θρέμματος
799 3136 939 3222 ἐγκρατῆ
971 3138 1139 3223 ποιητέον,

129 3262 342 3270 *—

220 3334 260 3382 19.
280 3346 307 3397 p.
323 3333 365 3398 33,
380 3333 414 3383 27
433 3327 507 3386 Plat.
525 3326 608 3383 (livit.
622 3327 662 3381 IX
680 3345 726 3397 pp.
745 3329 918 3384 688E-591
929 3329 960 3384 E.

146 3547 154 3560 ,
220 3513 234 3559 1
250 3502 444 3574 φιλομάθειαν
453 3503 513 3558 PK:
529 3505 720 3574 φιλομαθείας
733 3505 743 3573 ΙΙ
757 3503 917 3570 8ξυνοικδν
925 3509 934 3578 ΙΙ
945 3501 975 3562 ἐν
990 3501 1066 3578 αὐτῷ
1076 3508 1139 3581 ΡΚΗ

130 3580 163 3630 12
182 3575 312 3646 ταύταις]
330 3575 396 3630 hinc
414 3590 518 3631 novum
537 3577 622 3645 eaput
639 3574 699 3644 (VI)
717 3575 747 3628 in
764 3574 824 3632 ΑΚ.
