2674 3932
442 189 712 246 PROTREPTICUS
731 193 764 260 (ο.
779 191 811 246 X.
826 191 884 259 XI).
1125 189 1167 254 67

159 353 220 417 τὸν
238 353 449 417 καθεύδοντα
468 349 630 434 λέγοντες,
655 350 700 426 ὡς
722 349 833 437 ἔοικε),
858 352 962 435 δῆλον
980 351 1031 416 ὑτι
1053 348 1108 415 καλ
1130 351 1168 415 τὸ

160 462 217 540 ζῆν
238 457 460 541 ἀκολουθήσει
479 458 595 533 διττῶς
613 459 806 540 λεγόμενον·
829 458 889 521 τὸν
907 452 968 540 μὲν
990 457 1054 539 γάρ
1073 455 1168 541 ἐγρη-

157 566 280 649 γορότα
303 562 428 648 φατέον
452 565 509 646 ζῆν
533 561 667 646 άληθῶς
685 559 740 626 ααλ
759 565 891 646 κυρίως,
913 561 973 626 τὸν
992 556 1030 625 δὲ
1047 562 1168 626 καθεύ-

160 670 263 736 δοντα
289 669 345 734 διά
371 672 408 734 τὸ
437 668 606 734 δύνασθαι
633 668 848 751 μεταβάλλειν
878 669 926 744 εἰς
956 666 1080 749 ταύτην
1107 667 1168 749 τὴν

68 794 108 836 162
116 794 144 834 K.
158 777 301 859 κίνησιν,
320 769 399 839 καθ’
416 774 459 856 ἣν
473 772 612 858 λέγομεν
627 771 844 859 ἐγρηγορέναι
857 796 892 838 τε
910 771 966 838 καὶ
979 781 1047 837 τῶν
1064 792 1195 856 τραγ-ο

159 882 272 965 μάτων
303 879 530 946 αἰσθάνεσθαί
553 902 652 956 τινος.
699 881 754 944 διά
785 887 883 944 τοῦτο
911 877 967 944 καλ
997 878 1044 954 εἰς
1070 885 1168 942 τοῦτο

158 986 345 1070 βλέποντες,
368 987 450 1051 ὅταν
470 981 533 1052 οὑν
551 984 688 1069 λέγηταί
702 1010 734 1051 τι
751 985 874 1052 ταύτὸν
893 983 1047 1069 ἑκάτερον
1071 985 1169 1048 δυοῖν

158 1092 283 1174 ὄντοιν,
306 1082 328 1176 ᾖ
352 1087 388 1156 δὲ
410 1091 556 1176 θάτερον
576 1093 756 1174 λεγόμενον
775 1089 796 1173 ἢ
815 1091 853 1154 τὸ
875 1101 984 1155 ποιεῖν
1007 1089 1027 1173 ἢ
1048 1090 1085 1154 τὸ
1108 1089 1168 1154 πά-

160 1211 262 1280 σχειν,
284 1195 390 1283 τούτῳ
412 1200 538 1280 μᾶλλον
557 1195 774 1280 ἀποδώσομεν
792 1195 952 1280 ὑπάρχειν
975 1197 1012 1260 τὸ
1035 1193 1167 1279 λεχθέν,

159 1293 233 1366 οἷον
261 1301 458 1368 ἐπίστασθαι
484 1299 545 1387 μὲν
573 1307 700 1385 μᾶλλον
726 1303 786 1368 τὸν
812 1304 985 1387 χρώμενον
1017 1309 1078 1365 τοῦ
1106 1301 1168 1384 τὴν
1183 1322 1209 1363 ιο

158 1405 340 1492 ἐπιστήμην
372 1411 519 1492 ἔχοντος,
552 1407 636 1493 ὁρᾶν
668 1405 705 1473 δὲ
737 1409 796 1474 τὸν
825 1408 1077 1494 προσβάλλοντα
1106 1407 1168 1489 τὴν

159 1514 239 1589 ὄψιν
265 1521 326 1578 τοῦ
353 1511 543 1596 δυναμένου
566 1513 796 1598 προσβάλλειν.
843 1513 884 1577 οὐ
910 1515 974 1597 γάρ
1002 1515 1108 1596 μόνον
1130 1512 1167 1576 τὸ

158 1621 285 1701 μᾶλλον
312 1616 452 1701 λέγομεν
478 1613 556 1682 καθ’
587 1617 754 1703 ὑπεροχὴν
782 1613 830 1682 ὧν
862 1616 904 1682 άν
936 1610 983 1692 εἷς
1009 1607 1031 1701 ᾖ
1058 1619 1168 1701 λόγος,

158 1721 242 1788 άλλά
263 1718 318 1788 ιιαλ
341 1723 482 1786 κατὰτὸ
505 1724 668 1807 πρότερον
691 1717 835 1786 εἶναιτὸ
859 1718 896 1787 δὲ
918 1722 1071 1805 ὑστερον,
1096 1714 1169 1786 οἷον

157 1828 218 1912 τὴν
241 1827 358 1911 ὑγείαν
381 1838 448 1893 τῶν
466 1827 624 1912 ὑγιεινῶν
643 1832 769 1913 μᾶλλον
788 1828 919 1911 άγαθὸν
938 1823 1028 1893 εἷναί
1047 1850 1167 1912 φαμεν,
1182 1849 1209 1890 ιι

82 1930 212 1998 emal
238 1935 276 1999 τὸ
303 1931 382 1999 καθ’
408 1934 489 2000 αὑτὸ
517 1934 579 2018 τὴν
606 1934 711 2019 φάσιν
739 1935 871 2019 αλρετὸν
897 1943 959 2000 τοῦ
986 1941 1168 2016 ποιητικοῦ.

6 2023 9 2034 ⁸
69 2057 143 2099 164K
156 2042 263 2104 καίτοι
285 2042 345 2104 τόν
368 2064 406 2123 γε
423 2043 526 2124 λόγου
544 2040 673 2127 ὁρῶμεν
692 2042 736 2120 ὡς
755 2041 815 2126 οὐχ
839 2032 860 2127 ᾗ
879 2039 948 2106 ἐστι
966 2039 1168 2123 κατηγορού-

158 2167 256 2228 μενος
279 2144 420 2229 άμφολν,
444 2146 494 2210 ὄτι
516 2145 649 2229 ἀγαθὸν
676 2145 830 2232 ἑκάτερον
858 2146 915 2211 ἐπί
933 2168 967 2210 τε
990 2156 1058 2210 τῶν
1082 2144 1168 2228 ὠφε-

158 2252 264 2332 λίμων
292 2246 347 2312 καλ
373 2257 431 2332 τῆς
458 2249 583 2335 ἀρετῆς.
628 2248 682 2314 καλ
711 2254 768 2332 ζῆν
795 2251 859 2330 άρα
889 2256 1015 2334 μᾶλλον
1043 2249 1167 2332 φατέον

157 2355 217 2419 τὸν
240 2352 442 2439 ἐγρηγορότα
469 2362 530 2419 τοῦ
553 2354 780 2431 καθεύδοντος
807 2352 944 2419 καὶτὸν
968 2353 1168 2437 ἐνεργοῦντα
1182 2375 1209 2416 το

157 2468 196 2545 τῇ
219 2468 308 2545 ψυχῇ
331 2468 391 2526 τοῦ
414 2462 520 2545 μόνον
540 2461 687 2544 ἔχοντος·
712 2461 768 2524 διὰ
789 2461 853 2544 γάρ
873 2459 1001 2524 ἐκεῖνον
1018 2458 1074 2524 καὶ
1092 2469 1167 2525 τοῦ·

157 2589 216 2632 τον
236 2570 293 2650 ζῆν
312 2590 432 2652 φαμεν,
452 2564 503 2632 ὅτι
520 2567 671 2643 τοιοῦτός
689 2563 779 2631 ἐστιν
799 2557 869 2643 οἶος
887 2563 1013 2641 ἐκεῖνος
1030 2565 1168 2650 πάσχειν

156 2671 177 2756 ἤ
204 2683 322 2739 ποιεῖν.
368 2672 493 2738 οὑποὺν
519 2675 557 2738 τό
584 2696 621 2757 γε
643 2679 789 2758 χρῆσθαι
818 2670 918 2736 παντὶ
946 2667 1035 2736 τοῦτ’
1067 2670 1166 2755 ἐστίν,

158 2777 238 2842 ὅταν
262 2780 293 2842 εἰ
313 2775 374 2861 μὲν
398 2777 473 2857 ἑνὸς
494 2779 515 2861 ἡ
539 2780 680 2863 δύναμίς
702 2779 787 2862 ἐστι,
814 2788 913 2844 τοῦτο
937 2777 1018 2843 αὐτὸ
1040 2778 1166 2864 πράττῃ

157 2903 218 2962 τις,
242 2882 272 2946 εἰ
289 2877 326 2946 ὑὲ
343 2885 508 2947 πλειόνων
527 2885 586 2948 τὸν
604 2883 761 2970 άριθμόν,
785 2883 803 2949 ὃ
822 2883 865 2950 άν
882 2885 1011 2951 τούτων
1031 2885 1069 2949 τὸ
1093 2881 1166 2967 βέλ-
1181 2901 1207 2943 2⁶

156 3001 281 3069 τιστον,
305 2980 379 3052 οἷον
402 2987 526 3070 αὑλοῑς,
549 2990 623 3071 ἤτοι
646 2993 751 3073 μόνον
774 2990 855 3055 ὅταν
876 2990 961 3074 αὐλῇ
984 2994 1104 3075 χρῆταί
1118 3011 1167 3068 τις

156 3093 178 3176 ἢ
206 3093 358 3176 μάλιστα·
392 3098 471 3170 ἴσως
497 3095 560 3179 γάρ
589 3093 641 3160 ἐπὶ
668 3097 775 3183 τούτῳ
804 3093 859 3160 καὶ
886 3096 926 3160 τά
952 3104 1019 3161 τῶν
1046 3096 1165 3161 άλλων.

156 3235 370 3246 *uu—*—

246 3325 262 3373 8
282 3315 298 3388 ἢ
313 3315 345 3373 τὸ
360 3319 507 3388 utrobique
518 3323 555 3374 A:
570 3315 588 3388 ἢ
602 3323 639 3374 τά
654 3324 663 3390 ΙΙ
678 3327 712 3374 14
727 3319 798 3375 κατά
814 3318 844 3375 τὸ
859 3318 912 3393 (τὸ
927 3319 1001 3407 μὲν)
1014 3325 1166 3390 exspecta,

158 3393 188 3446 αλ
207 3391 240 3446 ολ.
259 3391 295 3444 οὑ
309 3408 337 3459 p.
352 3395 423 3457 54,1
444 3392 454 3459 11
473 3396 506 3445 17
525 3387 575 3460 οὑχ
594 3385 612 3460 ᾖ
631 3391 742 3446 Vitelli:
766 3387 830 3460 οὑχλ
846 3395 856 3461 λ
875 3397 908 3445 18
927 3391 962 3446 de
982 3411 1027 3446 οτι
1046 3396 1111 3461 post
1129 3387 1166 3454 ὡς

157 3479 183 3516 v.
200 3459 306 3529 Bonitz‚
326 3461 384 3515 Ind.
399 3460 514 3516 Aristot.
529 3479 556 3531 p.
572 3468 645 3532 872⁸,
663 3468 746 3532 λαυρ.
761 3464 818 3532 1122
837 3462 901 3517 fort.
921 3459 979 3524 οἶος
996 3457 1076 3535 <άς>
1095 3457 1166 3516 ἐκεῖ·

157 3549 205 3593 νος
223 3532 269 3586 vel
288 3528 346 3593 οἷος
365 3526 486 3594 ἐκείνως.
