2674 3932
382 202 656 259 PROTREPTICUS
677 205 710 271 (ο.
725 203 784 257 VII.
800 203 884 272 VIII).
1094 202 1138 266 45

126 369 183 433 διὰ
201 368 263 452 την
282 369 374 444 όύιν·
394 367 519 448 ταύτην
537 367 601 451 γὰρ
620 366 681 449 τὴν
701 366 846 448 δύναμιν
865 365 1139 449 ὑπερβαλλόντως

127 477 306 560 φαίνονται
334 478 526 556 φιλούντες’
560 472 642 555 αὑτη
671 472 734 556 γὰρ
762 472 845 554 πρὸς
875 473 933 548 τὰς
962 474 1063 548 ἄλλας
1090 473 1140 537 al·

128 583 267 664 σθησεις
290 581 400 665 ὥσπερ
424 578 584 662 ἐπιστήμη
607 601 657 656 τις
681 577 825 662 ἀτεχνῶς
848 576 948 642 ἐστιν.

217 686 307 751 VIII.
341 685 392 751 Οὐ
419 695 533 771 χεῖρον
557 679 589 748 θ’
615 687 663 749 ἔτι
684 682 740 749 καὶ
764 683 827 749 ἀπὸ
850 695 918 749 τῶν
940 694 1065 750 κοινῶν
1088 683 1140 747 ἐν·

127 804 230 858 νοιῶν
259 792 450 876 ὑπομνῆσαι
476 793 514 856 τὸ
543 792 778 880 προκείμενον,
806 789 870 856 ἀπὸ
897 799 965 855 τῶν
994 789 1168 874 ἐναργῶςι

127 909 208 965 πᾶσι
222 896 447 984 φαινομένων.
479 895 578 963 παντὶ
593 898 635 981 θη
651 892 713 962 οὑν
727 900 825 963 τοῦτό
844 921 881 981 γε
899 898 1082 983 πρόδηλον,
1097 894 1142 971 ὡς

128 1004 239 1083 οὐδεὶς
258 1004 300 1071 ἂν
318 1005 427 1070 ἕλοιτο
448 1007 505 1088 ζῆν
519 1008 604 1089 ἔχων
622 1005 684 1087 τὴν
703 1007 862 1088 μεγίστην
877 1001 932 1069 ἀπ’
950 1003 1142 1088 ἀνθρώπων

37 1133 114 1174 mx.
129 1112 250 1177 οὐσίαν
268 1109 323 1176 καλ
343 1111 499 1195 δύναμιν,
517 1111 696 1195 ἐξεστηκὼς
713 1110 827 1195 μέντοι
849 1118 911 1176 τοῦ
928 1119 1070 1196 φρονεῖν
1088 1105 1143 1174 καὶ

128 1220 344 1303 μαινόμενος,
375 1213 448 1283 οὐδ’
475 1219 506 1282 εί
531 1217 646 1302 μέλλοι
672 1219 729 1294 τὰς
751 1218 993 1293 νεανικωτύτας
1019 1216 1144 1300 ἡδονὰς

104 1353 107 1360 ·
129 1325 152 1406 †
169 1326 263 1403 ζώειν
281 1327 419 1410 χαίρων,
443 1325 553 1409 ὥσπερ
571 1326 657 1390 ἔνιοι
675 1333 743 1388 τῶν
761 1324 1071 1410 παραφρονούντων
1095 1323 1144 1386 δι·
1160 1345 1185 1384 ιο

129 1432 279 1514 ύγουσιν.
317 1431 443 1496 οὐκοῦν
462 1430 672 1516 ἀφροσύνην,
692 1430 737 1507 ὡς
755 1433 852 1513 ἔοικε,
871 1432 1012 1515 μάλιστα
1026 1430 1145 1506 πάντες
1190 1441 1194 1452 '

129 1538 325 1620 φεύγουσιν.
373 1537 528 1602 ἐναντίον
551 1533 589 1602 δὲ
612 1538 775 1618 φρόνησις
798 1535 991 1621 ἀφροσύνη,
1019 1546 1087 1600 τῶν
1111 1526 1142 1599 θ’

129 1643 293 1706 ἐναντίων
317 1639 472 1726 ἑκάτερον
490 1641 527 1704 τὸ
547 1635 608 1724 μὲν
628 1642 774 1722 φευκτόν
793 1640 862 1705 ἐστι
884 1642 921 1705 τὸ
947 1637 984 1705 δὲ
1003 1642 1144 1726 αίρετόν.

50 1769 115 1811 τοι.
131 1749 243 1831 ὥσπερ
263 1740 325 1811 οὑν
342 1747 380 1811 τὸ
398 1746 538 1830 κάμνειν
557 1747 714 1828 φευκτόν,
736 1745 841 1824 οὑτως
859 1746 993 1829 αἱρετὸν
1010 1746 1091 1830 ἡμῖν
1108 1746 1147 1810 τὸ

131 1854 305 1938 ὑγιαίνειν.
353 1854 518 1937 φρόνησις
540 1846 617 1934 οὑν,
646 1851 691 1930 ὡς
714 1853 814 1934 ἔοικε,
837 1849 893 1917 καλ
919 1853 1002 1917 κατὰ
1028 1859 1148 1917 τοῦτον
1163 1873 1188 1915 ιτ

133 1961 192 2025 τὸν
220 1962 322 2043 λόγου
354 1961 509 2044 φαίνεται
540 1960 577 2023 τὸ
610 1959 746 2024 πάντων
773 1959 993 2044 αἱρετώτατον
1026 1959 1067 2024 οὑ
1100 1955 1145 2024 δι’

134 2065 248 2152 ἕτερόν
283 2091 316 2131 τι
351 2076 419 2130 τῶν
456 2068 727 2150 συμβαινόντων,
768 2066 814 2143 ὡς
849 2075 1078 2153 μαρτυροῦσιν
1114 2067 1152 2132 αί

135 2169 246 2238 κοιναὶ
268 2174 406 2238 ἔννοιαι.
452 2174 484 2236 εί
504 2174 568 2257 γὰρ
591 2170 648 2237 καὶ
670 2173 776 2238 πάντα
799 2196 849 2250 τις
871 2177 956 2258 ἔχοι,
985 2176 1148 2258 διεφθαρ-

135 2278 235 2364 μένος
258 2275 295 2343 δὲ
319 2283 369 2361 είη
393 2275 448 2343 καὶ
471 2288 584 2342 νοσῶν
606 2285 652 2365 τῷ
675 2287 872 2362 φρονοῦντι,
896 2279 958 2363 οὑχ
976 2278 1148 2365 ,αίρετὸςὸ

136 2387 221 2468 βίος·
258 2379 360 2451 οὐδὲν
392 2384 456 2469 γὰρ
489 2385 611 2468 όφελος
642 2379 723 2448 οὐδὲ
755 2394 823 2449 τῶν
855 2385 967 2449 ἄλλων
999 2384 1148 2468 ἀγαθῶν.
1163 2405 1190 2446 νο

137 2493 222 2557 ὥστε
247 2492 369 2567 πάντες
399 2493 550 2556 καθόσον
584 2489 805 2555 αἰσθάνονται
836 2498 898 2555 τοῦ
927 2501 1068 2576 φρονεῖν
1096 2489 1151 2557 καὶ

134 2598 297 2682 γεύεσθαι
334 2598 497 2663 δύνανται
537 2598 660 2663 τούτου
701 2605 762 2662 τοῦ
802 2597 1007 2682 πράγματος,
1050 2594 1151 2663 οὐδὲν

137 2711 267 2770 οίονται
288 2698 391 2769 τᾶλλα
415 2698 516 2786 εἶναι,
542 2701 599 2769 καὶ
627 2704 684 2769 διὰ
711 2704 835 2786 ταύτην
857 2705 920 2789 την
942 2705 1053 2770 αἰτίαν
1076 2698 1149 2771 οὔτ’

138 2807 180 2875 ἂν
199 2811 336 2895 μεθύων
355 2809 432 2874 ούτε
449 2810 586 2875 παιδίον
605 2803 682 2874 οὐδ’
704 2808 746 2874 ύν
764 2801 811 2887 εἷς
828 2810 923 2895 ἡμῶν
941 2809 1152 2896 ὑπομείνειεν

138 2912 225 2983 εἶναι
249 2918 305 2983 διὰ
326 2915 443 2994 τέλους
464 2917 524 2982 τὸν
547 2918 633 3000 βίον.
676 2917 732 2982 διὰ
751 2918 792 3000 θη
811 2927 910 2984 τοῦτο
933 2916 989 2983 καὶ
1012 2919 1050 2983 τὸ
1068 2925 1152 2984 καθ·
1166 2936 1192 2977 2⁵

228 3116 254 3166 ο.
273 3093 301 3180 13.
315 3115 359 3176 ιι,
372 3113 390 3162 4
404 3107 491 3162 Arist.
505 3109 539 3164 fr.
554 3113 589 3163 τι
599 3110 631 3162 R.
648 3113 685 3178 (p.
701 3114 744 3178 ετ,
759 3115 855 3178 ι-εο,
871 3111 925 3179 εο).

230 3294 243 3342 1
264 3283 479 3360 ὑπερβαλόντας
496 3253 543 3340 hIc
562 3287 591 3340 ελ
608 3304 636 3356 p.
656 3290 748 3353 46,13
766 3289 776 3355 ΙΙ
794 3292 810 3340 5
829 3285 920 3368 <καλ>
938 3281 996 3368 ὑπὸ
1017 3287 1087 3341 coni.
1105 3285 1153 3356 AI

141 3353 229 3412 ’λοίπ’
255 3375 310 3413 om.
334 3373 429 3428 apogr.
455 3355 580 3412 Gizense:
603 3352 668 3411 κατ’
692 3352 849 3426 ἄνθρωπον
869 3357 996 3428 v1tell1u
1020 3363 1053 3412 10
1072 3354 1154 3424 ζώειν

141 3433 315 3500 corruptum:
339 3427 472 3483 ὑιιίκεινθ
497 3426 587 3483 Diels:
612 3423 740 3498 ὃιύγεινλ
768 3427 863 3484 Vitelli
879 3430 889 3498 ΙΙ
907 3435 940 3483 21
965 3430 1015 3485 τοὺ
1035 3436 1155 3499 φρονεῖν

139 3501 206 3570 post
223 3502 273 3555 τοὺ
291 3497 455 3570 πράγματος
474 3499 625 3555 collocavit
638 3500 721 3570 Rosa,
739 3499 835 3555 nescio
849 3515 905 3568 qua
919 3501 1029 3556 ratione
1042 3503 1136 3556 motus
1147 3502 1155 3572 η

141 3575 176 3625 25
195 3568 245 3626 τὸν
265 3573 328 3644 βίον
346 3570 434 3627 deleri
452 3571 514 3626 vult
533 3571 666 3641 Scaliger.
