2670 3932
185 195 250 259 112
596 191 787 249 IAMBLIOHI

184 358 308 442 ούροο
347 354 506 440 ἀπέχον·
547 356 724 440 χθονίων
760 354 833 440 γάρ
871 355 954 422 έστι
990 362 1104 423 θεῶν.
1162 359 1203 423 τά

183 459 245 547 μὲν
268 457 331 528 οὖν
354 463 437 528 ἀλλα
459 460 534 548 περὶ
558 461 662 527 αὐτοῦ
680 461 717 527 έν
735 469 780 550 τῷ
797 459 883 548 Περὶ
906 465 1085 548 συμβόλων
1109 462 1204 549 ἐροῦ-

184 592 260 652 μεν,
288 568 351 634 ὅσα
375 565 412 634 δὲ
437 569 484 646 είς
506 569 700 653 προτροπὴν
724 567 872 654 ἁρμόζει,
899 567 1119 655 παραγγέλλει
1146 579 1204 654 τῆς
1238 584 1240 586 ’

184 675 344 758 οὐρανίας
370 677 506 762 πορείας
533 672 731 760 ἀντέχεσθαι
762 672 819 740 καὶ
849 683 920 752 τοῖς
952 687 1083 761 νοεροϊς
1100 660 1204 754 Ιθεοῖς

158 783 429 867 ῡσννάπτεσθαι,
461 790 520 866 τῆς
545 805 581 848 τε
609 781 732 847 ἐνάλου
760 765 906 867 φύσεως
921 785 1121 867 χωρίζεσθαι
1148 781 1205 848 καί
1218 801 1296 844 ωεω

184 888 405 974 περιάγεσθαι
427 891 510 974 πρὸς
532 889 594 972 τὴν
618 889 724 955 ἀνλον
746 887 802 954 καὶ
819 888 975 973 καθαράν
994 891 1089 973 ζωήν,
1112 894 1205 954 θεῶν

184 1017 220 1061 τε
242 997 406 1082 θεραπείῃ
428 1001 575 1080 χρῆσθαι
597 1003 637 1080 τῃ
657 994 774 1081 ἀρίστῃ
793 993 847 1060 καλ
866 995 1007 1079 μάλιστα
1025 1003 1095 1072 τοῖς
1116 1016 1204 1078 πρω-

185 1104 309 1178 τίστοις
331 1109 426 1178 θεοῖς
447 1102 673 1187 προσηκούσῃ.

279 1212 390 1274 Ταῦτα
417 1203 478 1292 μὲν
506 1202 569 1273 οὖν
598 1209 645 1284 είς
672 1214 765 1274 θεῶν
792 1219 919 1290 γνῶσιν
940 1205 996 1273 καὶ
1019 1209 1204 1293 θρησκείαν

147 1332 173 1373 10
186 1322 329 1379 ποιεῖται
355 1315 417 1397 την
444 1314 668 1400 παράκλησιν,
697 1316 744 1392 είς
773 1311 810 1380 δὲ
838 1316 964 1400 σοφίαν
990 1315 1204 1379 τὰτοιαῦτα·

147 1425 171 1485 ς’
276 1421 463 1505 Γλώσσης
484 1422 558 1506 πρὸ
582 1432 660 1487 τῶν
680 1421 810 1488 ἀλλων
828 1423 963 1507 κράτει
980 1427 1093 1497 θεοῖς
1116 1419 1204 1486 ἑπό-

186 1549 314 1611 μενος.
359 1537 492 1612 πρῶτον
515 1527 579 1612 γάρ
603 1526 673 1592 ἐστι
695 1529 816 1612 σοφίας
836 1529 936 1614 ἔργον
958 1527 996 1592 τὸ
1019 1527 1078 1592 τὸν
1102 1527 1205 1610 λόγον

188 1632 398 1719 ἐπιστρέφειν
426 1636 473 1711 είς
501 1632 621 1699 ἑαυτὸν
649 1631 704 1698 καὶ
733 1633 857 1714 ἐθίζειν
887 1635 930 1720 μη
954 1632 1016 1712 ἔξω
1042 1630 1204 1719 προϊέναι,

186 1742 389 1806 τελεοῦσθαί
417 1763 453 1805 τε
484 1736 562 1804 καθ’
595 1737 716 1804 ἑαυτὸν
747 1737 803 1805 καί
830 1739 867 1806 έν
899 1748 939 1825 τῇ
970 1740 1054 1827 πρὸς
1087 1738 1204 1804 ἑαυτὸν
1219 1755 1295 1797 140A-

148 1863 174 1904 1⁵
188 1845 372 1933 ἐπιστροφῇ
399 1842 454 1912 καὶ
478 1847 558 1931 μετὰ
584 1855 683 1911 τοῦτο
707 1844 813 1934 ἐντῷ
837 1857 907 1924 τοῖς
933 1852 1028 1924 θεοῖς
1050 1843 1205 1911 ἕπεσθαι·

188 1950 290 2018 οὐδέν
318 1955 381 2038 γὰρ
409 1953 490 2017 ἀλλο
519 1951 607 2016 οὕτω
634 1957 759 2018 τελειοῖ
782 1953 842 2018 τὸν
869 1961 954 2017 νοῦν
982 1952 1004 2036 ἢ
1032 1951 1112 2016 ὅταν
1138 1950 1206 2017 ἐπι-

191 2060 416 2142 στρεφόμενος
440 2060 487 2134 είς
510 2055 629 2122 ἑαυτὸν
652 2069 722 2135 τοῖς
745 2065 840 2135 θεοῖς
862 2063 1109 2143 συνακολοοθῃ.

155 2167 176 2237 ξ
284 2165 330 2229 Τὸ
364 2160 400 2229 δὲ
438 2160 593 2248 ἀνέμων
629 2166 831 2230 πνεόντων
866 2165 937 2249 τὴν
974 2163 1050 2248 ἠχὼ
1087 2180 1206 2251 προσ-

189 2272 305 2337 κύνει
341 2269 396 2337 καὶ
433 2271 513 2337 αὐτὸ
545 2279 603 2356 τῆς
635 2274 731 2348 θείας
766 2274 888 2355 σοφίας
920 2268 990 2336 έστὶ
1020 2271 1207 2356 γνώρισμα·

151 2396 178 2436 ιο
192 2378 370 2443 αἰνίττεται
398 2378 461 2463 γάρ
489 2377 533 2455 ὡς
562 2379 615 2444 δεῖ
640 2389 707 2444 τῶν
736 2380 841 2443 θείων
870 2377 996 2443 οὐσιῶν
1022 2375 1089 2464 καὶ,
1106 2378 1207 2443 δονά-

190 2508 280 2569 μεων
302 2486 363 2569 τὴν
387 2485 565 2570 ὁμοιότητα
589 2484 735 2568 ἀγαπᾶν,
762 2481 818 2548 καὶ
841 2484 922 2549 ὅταν
946 2484 1119 2570 ἐνεργῶσι,
1146 2484 1207 2550 τὸν
1221 2501 1296 2542 ³³4ss-

191 2591 376 2676 σύμφωνον
403 2593 486 2677 πρὸς
513 2593 571 2668 τὰς
594 2590 760 2675 ἐνεργείας
788 2590 897 2655 αὐτῶν
925 2592 1027 2673 λόγον
1050 2591 1130 2675 μετὰ
1153 2614 1207 2675 με-

190 2699 294 2781 γάλης
317 2699 465 2781 σπουδῆς
486 2705 586 2782 τιμάν
608 2720 643 2762 τε
666 2693 722 2762 καὶ
745 2694 864 2780 σέβειν.

151 2808 177 2878 η’
286 2805 331 2868 Τὸ
365 2802 402 2867 δὲ
433 2805 603 2888 μαχαίρῃ
635 2811 711 2888 πῦρ
743 2802 792 2887 μὴ
820 2802 986 2867 σκάλενε
1014 2803 1208 2887 φρονήσεώς

152 2927 178 2966 25
194 2909 262 2975 έστι
288 2912 546 2992 παρακλητικόν·
573 2908 692 2994 έγείρει
714 2910 777 2996 γάρ
801 2907 881 2993 ἡμῖν
903 2910 966 2992 τὴν
990 2912 1124 2976 ἔννοιαν
1147 2910 1207 2992 την

131 3073 132 3077 ,
191 3018 428 3101 προσήκουσαν
447 3013 522 3100 περὶ
541 3023 601 3080 τοῦ
621 3016 664 3099 μη
681 3016 753 3080 δεῖν
773 3018 880 3101 πυρὸς
894 3017 1012 3100 πλήρει
1025 3013 1080 3080 καὶ
1093 3021 1208 3099 θυμοῦ

192 3123 361 3210 ἀνθρώπῳ
398 3123 478 3206 μήτε
512 3120 718 3187 ἀντιτιθέναι
753 3124 856 3204 λόγον
887 3119 1096 3206 τεθηγμένον
1129 3123 1209 3205 μήτε
1321 3183 1322 3188 ,

193 3230 321 3313 ἐρίζειν.
366 3228 524 3304 πολλάκις
546 3229 609 3313 γάρ
637 3230 784 3311 κινήσεις
810 3234 856 3315 τῷ
884 3229 974 3315 λόγῳ
1003 3227 1062 3292 τὸν
1095 3225 1208 3311 ἀμαθῆ
1320 3215 1322 3252 ³

192 3332 246 3398 καί
274 3331 424 3416 παράξεις
450 3331 506 3399 καὶ
529 3334 625 3419 πείσῃ
654 3334 748 3398 δεινοὶ
773 3330 829 3397 καὶ
853 3332 948 3416 ἀηδῆ.
994 3332 1118 3418 μάρτυς
1141 3341 1210 3409 τοῖς
1320 3417 1321 3428 χ

195 3477 406 3485 ——---...-.-
422 3473 426 3478 τ

281 3565 317 3613 20
335 3559 383 3613 καί
402 3558 564 3630 δυνάμεων]
586 3556 659 3613 κατὰ
679 3555 802 3626 δύναμιν
820 3559 954 3616 Μολλαολι.
