2674 3932
363 188 486 245 IAMBL.
504 189 704 244 PROTREPT.
725 188 926 244 SUMMARIA.
1132 189 1154 253 5

138 349 429 436 ἀντιπαραθέσεως
452 350 722 417 ἕπιδεικνύουσαι
745 352 812 440 δσφ
832 353 874 436 δή
892 375 959 417 τινι
977 349 1109 437 προέχει
1132 351 1153 435 ἡ

137 458 274 540 τοιαύτη
293 455 442 542 ἐνέργεια
455 467 523 523 τῶν
542 459 652 523 ἀλλων
669 467 737 524 τῶν
756 459 949 523 δοκούντων
968 458 1154 541 εὐδοκίμων

139 557 225 628 εἶναι
247 566 339 646 βίων.

87 681 128 733 ΙΕ
224 666 302 734 Ἀπὸ
323 677 381 754 τῆς
399 671 550 746 παιδείας
567 668 622 735 καὶ
642 669 858 746 ἀπαιδευσίας
880 671 900 753 ἡ
919 672 1101 755 προτροπή,
1126 671 1158 735 εί

44 798 126 845 μοις,
139 777 176 839 τὸ
200 771 261 858 μὲν
285 774 441 858 μέγιστον
464 787 530 840 τῶν
554 775 703 859 ἀγαθῶν,
728 776 764 840 τὸ
789 772 826 840 δὸ
845 787 913 841 τῶν
936 786 1047 841 κακῶν
1066 775 1182 860 μέγι-5

140 897 231 963 στον,
257 883 289 946 εί
308 879 364 946 καί
388 881 472 946 αὐτά
494 880 531 946 τέ
552 880 621 947 ἐστι
643 891 780 947 τοιαῦτα
803 879 858 946 καὶ
881 884 968 947 ἔοικε
990 882 1163 958 τοιούτοις,

138 984 227 1051 τισὶν
247 985 370 1072 έτέροις
388 978 504 1072 οἷαπέρ
523 987 613 1052 ἐστιν
632 987 725 1072 αὐτά,
748 985 803 1053 καὶ
823 988 873 1052 ὅτι
892 990 1076 1072 φιλοσοφία
1095 984 1156 1071 μὸν

138 1093 290 1168 παιδείας
313 1091 404 1156 ἐστὶν
427 1091 571 1177 ἡγεμών,
595 1095 631 1158 τὸ
657 1091 694 1158 δέ
712 1093 866 1159 ἐναντίον
885 1094 1039 1180 κατάρχει
1062 1093 1157 1159 ἀπαι-

140 1198 283 1274 δευσίας.

89 1317 142 1370 IF
219 1303 336 1369 ’Ἀλλαι
364 1307 483 1389 ἔφοδοι
512 1306 575 1370 ἀπὸ
603 1315 664 1370 τοῦ
687 1303 802 1382 τέλους
824 1315 882 1389 τῆς
904 1306 1055 1381 παιδείας
1077 1327 1157 1390 προ·
1172 1325 1197 1364 ιο

140 1408 320 1494 τρέπουσαι
343 1409 396 1478 ἐπὶ
419 1413 481 1495 τὴν
502 1421 647 1496 συγγενῆ
667 1414 750 1496 πρὸς
767 1413 804 1476 τὸ
823 1412 1043 1476 παιδεύεσθαι
1062 1416 1157 1495 φιλο-

141 1521 277 1601 σοφίαν,
292 1520 378 1582 τότε
393 1521 492 1603 ἔργον
508 1518 592 1601 ὁμοῦ
603 1526 661 1600 τῆς
672 1518 874 1601 φιλοσοφίας
888 1516 1158 1583 έπιδεικνύουσαι

141 1620 197 1685 καὶ
220 1622 281 1705 τὴν
303 1623 386 1706 ὅλην
407 1623 508 1706 αὐτῆς
531 1621 718 1706 ἐπιμέλειαν
736 1620 811 1707 περὶ
829 1624 887 1698 τάς
910 1622 1046 1707 ἀρίστας
1069 1621 1159 1708 ἐνερ-

141 1729 233 1811 γείας
257 1737 326 1791 τῶν
349 1737 406 1812 τῆς
428 1737 536 1813 ψυχῆς
560 1729 745 1812 δυνάμεων.

90 1848 129 1898 ΙΖ
226 1832 305 1899 Ἀπὸ
318 1845 386 1900 τῶν
401 1840 552 1900 παλαιῶν
566 1837 678 1918 λόγων
691 1832 828 1899 καὶτῶν
843 1835 942 1919 ίερῶν
956 1833 1078 1917 μύθων
1092 1843 1158 1899 τῶν
1174 1827 1199 1894 ἰι

140 1964 174 2006 τε
199 1941 309 2006 ἀλλων
336 1939 481 2007 καὶτῶν
505 1947 756 2028 Πυθαγορικῶν
783 1941 987 2024 ὑπομνήσεις
1010 1942 1057 2017 είς
1079 1961 1159 2026 προ-

131 2037 267 2132 ’τροπὴν
286 2045 338 2114 ἐπὶ
357 2049 416 2112 τὸν
434 2049 595 2134 σώφρονα
609 2047 665 2114 καὶ
683 2045 819 2133 μέτριον
837 2045 892 2112 καὶ
911 2045 1160 2132 κεκοσμημένον

141 2156 232 2236 βίον·
256 2154 293 2221 αί
314 2150 351 2218 δὸ
374 2153 472 2218 αύταλ
494 2155 738 2239 μεταβάλλουσι
758 2155 820 2237 τὴν
839 2154 992 2218 διάνοιαν
1011 2153 1105 2238 ἡμῶν
1124 2153 1160 2218 ἐκ

141 2266 202 2321 τοῦ
220 2258 303 2340 πρὸς
321 2259 381 2340 τὸν
396 2258 576 2346 ἀκολασίαν
595 2258 649 2324 καὶ
667 2268 728 2325 τοῦ
748 2261 830 2324 κατά
847 2260 909 2342 τὴν
926 2259 1056 2342 ἡδονὴν
1074 2260 1160 2343 βίον.

89 2377 137 2428 ΙΗ
228 2361 308 2429 Ἀπὸ
331 2375 398 2429 τῶν
422 2363 570 2448 ἐναργῶς
592 2361 668 2449 περὶ
691 2366 728 2429 τὸ
750 2375 844 2448 σῶμα
868 2361 1082 2448 φαινομένων
1105 2365 1160 2428 τά-
1175 2385 1200 2424 ιο

143 2471 226 2550 ξεων
244 2468 300 2535 καλ
319 2470 383 2535 ἀπὸ
398 2479 459 2535 τοῦ
476 2468 552 2554 περὶ
566 2469 647 2535 αὐτὸ
666 2473 794 2554 κόσμου
812 2471 894 2534 κατά
913 2470 974 2553 τὴν
994 2468 1161 2552 ἀνάλογον

142 2577 322 2662 μετάβασιν
340 2586 397 2661 τῆς
416 2578 567 2654 διανοίας
581 2575 634 2642 έπὶ
648 2578 760 2662 ψυχὴν
775 2578 1030 2661 μεταβαίνοντες
1046 2577 1161 2640 ποιού-

142 2690 230 2768 μεθα
253 2685 315 2767 τὴν
337 2684 531 2769 προτροπὴν
554 2687 729 2768 γνωρίμως
755 2695 825 2761 τοῖς
848 2681 1009 2748 ἀκούουσι
1031 2679 1086 2746 καὶ
1109 2704 1162 2747 πι-

142 2797 258 2866 θανῶς
281 2790 337 2853 διά
359 2791 396 2854 τὸ
420 2789 484 2854 ἀπὸ
508 2801 574 2854 τῶν
599 2789 749 2875 ἐναργῶν
773 2789 878 2872 αὐτὴν
901 2787 1063 2874 προϊέναι.

92 2905 133 2957 ΙΘ
229 2893 307 2959 Ἀπὸ
331 2907 398 2960 τῶν
422 2895 458 2961 έν
481 2904 520 2981 τῇ
544 2903 634 2981 ψυχῇ
654 2895 793 2979 ἀγαθῶν
813 2897 936 2980 ἔφοδος
955 2897 1002 2971 είς
1020 2915 1161 2981 προτρο-
1175 2913 1202 2954 ιε

143 3001 211 3084 τὴν
237 3000 281 3076 ὡς
309 3001 416 3065 ὄντων
443 3000 657 3085 κυριωτάτων
681 3002 727 3076 είς
745 2985 984 3084 εὐδαιμονίαν,
1015 2998 1070 3065 καὶ
1098 3001 1161 3066 ἀπὸ

53 3139 73 3174 ι.
84 3127 131 3166 vx.
144 3118 211 3171 τῶν
235 3106 361 3192 ἀρετῶν
385 3107 429 3183 ὡς
448 3105 622 3192 αὐτάρκων
640 3105 862 3192 ὑπαρχουσῶν
880 3101 963 3192 πρὸς
981 3107 1041 3171 τὸν
1060 3107 1162 3191 μακά-

90 3289 93 3296 ,
146 3237 221 3298 ριον
244 3215 320 3296 βίον
343 3212 364 3295 ἡ
389 3212 487 3296 ὁμοία
510 3214 723 3297 παράκλησις.

218 3411 250 3459 12
266 3424 297 3458 το
312 3425 341 3459 τε
352 3405 401 3460 fol
412 3406 483 3460 69b:
499 3425 530 3460 το
542 3424 571 3458 τε
583 3405 672 3475 γαρλι
684 3406 702 3460 l.
717 3405 726 3474 ss
741 3410 774 3459 15
786 3422 825 3473 sq
834 3405 992 3492 τωντε]
957 3425 1012 3459 των
1023 3422 1076 3462 om
1087 3407 1114 3460 h.
1127 3407 1143 3460 l.
1154 3406 1163 3477 λλ

148 3482 180 3531 16
195 3479 327 3561 πυθαγο
327 3477 443 3562 είωνμ.
461 3482 521 3543 246,
534 3475 674 3531 13Kiess1.
694 3478 703 3547 ΙΙ
724 3481 756 3530 18
767 3494 806 3546 sq
825 3471 906 3545 ἡμῶν
925 3472 996 3545 πρὸς
1015 3473 1066 3545 τὴν
1084 3471 1163 3531 ἀκολ.

146 3542 232 3600 καλ
204 3567 254 3601 τον
265 3543 337 3601 κατὰ
347 3544 399 3616 τὴν
408 3545 453 3617 ἡδ.
466 3551 528 3621 βίον
538 3549 564 3603 h
573 3549 591 3604 l
602 3547 611 3620 λΙ
622 3554 655 3602 23
666 3549 851 3618 γνωρίμοιςὸ.
861 3548 878 3602 l.
889 3547 898 3620 Η
909 3552 943 3601 24
953 3547 1135 3616 προσιέναιλι.
1144 3548 1163 3600 l.

1007 3815 1165 3886 A
