2670 3932
423 218 696 274 PROTREPTICUS
716 220 750 289 (ο.
765 218 874 288 XVIII).
1114 216 1155 281 87

143 390 251 466 ψυχῆς
273 384 473 465 κοσμήσεσιν
497 380 514 446 δ
537 383 640 465 νόμος
663 378 807 464 λέγεται,
835 380 919 444 ὅθεν
943 377 999 444 καὶ
1021 383 1157 463 νόμιμοι

142 489 315 570 γίγνονται
341 485 397 551 καὶ
423 489 570 571 κόσμιοι·
601 494 704 551 ταῦτα
737 479 768 550 δ’
794 483 865 550 ἐστὶ
895 485 1091 569 δικαιοσύνη
1121 508 1156 551 τε

143 591 199 656 καὶ
213 594 426 679 σωφροσύνη.
463 593 588 658 οὐκοῦν
603 592 723 658 ἐκεῖνοι
737 583 788 668 οἷς
801 615 833 656 τι
852 590 942 675 μέλει
957 599 1015 674 τῆς
1030 590 1156 656 ἑαυτῶν

143 705 251 781 ψυχῆς
273 699 356 783 πρὸς
378 705 480 762 ταῦτα
503 695 680 780 βλέποντες
702 694 758 762 καὶ
780 698 858 773 τοὺς
881 698 1001 779 λόγους
1021 700 1157 780 προσοί-

144 821 242 869 σουσι
255 815 326 880 ταῖς
339 813 471 888 ψυχαῖς,
491 801 550 880 οὓς
564 802 605 890 ἀν
624 801 755 886 λέγωσι,
774 799 829 867 καὶ
847 803 905 879 τάς
922 800 1056 886 πράξεις
1074 801 1182 867 άπά-ι»

144 927 217 993 σας,
245 907 302 975 καὶ
330 910 441 995 δῶρον
469 907 528 974 ἐάν
555 931 587 974 τι
610 909 744 990 διδῶσι,
773 909 935 989 δώσουσι,
962 906 1018 972 καὶ
1044 907 1102 973 ἐάν
1125 930 1157 973 τι

143 1016 367 1100 ἀφαιρῶνται,
391 1014 650 1100 ἀφαιρήσονται,
679 1016 763 1101 πρὸς
784 1022 883 1080 τοῦτο
911 1012 962 1079 ἀεὶ
989 1015 1049 1078 τὸν
1071 1022 1156 1078 νοῦν

54 1138 127 1179 ιδεΚ
143 1125 284 1205 ἔχοντες,
308 1121 396 1197 ὅπως
414 1119 456 1185 ἀν
475 1120 585 1186 αὐτῶν
601 1121 796 1205 δικαιοσύνη
816 1116 877 1204 μὲν
896 1118 933 1185 ἐν
951 1130 1023 1196 ταῖς
1036 1129 1157 1203 ψυχαῖς

142 1229 307 1311 γίγνηται,
331 1227 442 1292 ἀδικία
466 1224 503 1293 δὲ
526 1226 777 1311 ἀπαλλάττηται,
799 1224 854 1292 καί
873 1227 1076 1312 σωφροσύνη
1095 1222 1156 1310 μὲν

143 1333 349 1416 ἐγγίγνηται,
384 1331 543 1400 ἀκολασία
575 1330 613 1399 δὲ
644 1332 900 1416 ἀπαλλάττηται,
932 1330 989 1398 καὶ
1019 1332 1040 1415 η
1073 1332 1155 1416 ἀλλη
1171 1353 1197 1392 ιο

143 1437 241 1525 ἀρετη
265 1438 467 1523 ἐγγίγνηται,
491 1441 588 1504 κακία
612 1436 649 1503 δέ
672 1438 761 1525 ἀπίη.
806 1441 843 1503 τί
861 1440 925 1522 γάρ
948 1441 1070 1521 ὄφελος
1093 1439 1156 1503 σῶ-

143 1547 224 1628 ματί
247 1568 285 1628 γε
313 1545 474 1628 κάμνοντι
501 1542 557 1609 καὶ
585 1551 763 1630 μοχθηρῶς
794 1542 990 1631 διακειμένῳ
1018 1543 1038 1628 ἢ
1069 1546 1157 1608 σιτία

143 1651 250 1714 πολλὰ
273 1651 406 1714 διδόναι
428 1647 484 1714 καλ
510 1651 550 1715 τά
576 1651 695 1733 ἥδιστα
722 1649 742 1733 ἣ
770 1650 855 1714 ποτά
876 1648 897 1733 ἣ
920 1650 1001 1713 ἀλλο
1029 1647 1155 1732 ὁτιοῦν,

144 1755 161 1820 ὃ
194 1756 238 1840 μὴ
267 1755 381 1838 ὀνησει
412 1755 515 1822 αὐτὸν
546 1753 618 1820 ἐσθ’
652 1755 671 1820 ὅ
699 1778 731 1819 τι
763 1751 865 1819 πλέον
897 1751 917 1836 ἢ
946 1753 1155 1838 τούναντίον,

142 1861 224 1927 κατά
245 1885 283 1945 γε
308 1862 365 1926 τὸν
390 1863 520 1928 δίκαιον
544 1864 660 1944 λόγον,
688 1858 744 1926 καὶ
772 1863 923 1939 ἐλαττον;
953 1862 1022 1924 ἐστι
1044 1868 1154 1926 ταῦτα.
1170 1880 1195 1920 ιι

2 2017 16 2053 ;.=
143 1967 184 2033 οὐ
206 1968 270 2053 γάρ
295 1963 386 2053 οἶμαι
410 1973 594 2034 λυσιτελεῖν
616 1969 697 2052 μετά
714 1969 902 2053 μοχθηρίας
925 1967 1075 2051 σώματος
1098 1970 1156 2051 ζῆν

55 2089 128 2132 106A.
144 2073 327 2162 ἀνθρώπῳ·
352 2074 478 2159 ἀνάγκη
497 2076 560 2160 γάρ
580 2075 686 2151 οὕτως
703 2072 758 2138 καί
778 2077 835 2157 ζῇν
853 2080 1042 2159 μοχθηρῶς.
1079 2073 1156 2139 οὐκ·

144 2186 206 2243 οῦν
233 2177 289 2243 καὶ
315 2181 373 2254 τάς
396 2178 574 2262 ἐπιθυμίας
599 2179 865 2262 ἀποπιμπλάναι,
894 2173 968 2244 οἷον
990 2189 1155 2260 πεινῶντα

143 2293 264 2366 φαγεῖν
296 2284 378 2349 ὅσον
411 2284 565 2366 βούλεται
592 2282 612 2366 ἢ
644 2284 793 2360 διψῶντα
824 2292 928 2365 πιεῖν,
960 2283 1156 2367 ὑγιαίνοντα

143 2385 204 2471 μὲν
232 2387 331 2455 ἐῶσιν
358 2390 394 2454 οί
420 2387 527 2475 ἰατροὶ
557 2389 602 2464 ῶς
629 2390 669 2452 τά
695 2388 816 2471 πολλά,
849 2387 1018 2471 κάμνοντα
1046 2387 1083 2455 δὲ
1110 2391 1195 2466 ῶςεο

142 2498 221 2572 έπος
244 2497 349 2560 εἰπεῖν
372 2493 532 2561 οὐδέποτε
555 2494 655 2560 ἐῶσιν
674 2493 901 2578 ἐμπίπλασθαι
925 2488 972 2559 ῶν
991 2493 1154 2580 ἐπιθυμεῖ.

142 2601 225 2666 ἀλλά
252 2602 319 2686 μην
344 2599 401 2666 καὶ
428 2599 503 2686 περὶ
531 2601 642 2684 ψυχὴν
670 2599 688 2666 ὁ
713 2599 813 2676 αὐτὸς
838 2601 973 2684 τρόπος·
1006 2599 1067 2677 ἕως
1094 2598 1155 2684 μέν

143 2705 185 2772 ἀν
216 2710 346 2792 πονηρά
379 2699 416 2794 ᾖ,
448 2707 588 2791 ἀνόητός
618 2730 654 2772 τε
687 2701 771 2772 οὖσα
802 2704 858 2771 καὶ
890 2706 1070 2783 ἀκόλαστος
1101 2704 1156 2772 καὶ

142 2814 257 2889 ἀδικος
279 2812 334 2878 καὶ
357 2813 503 2896 ἀνόσιος,
527 2819 651 2899 είργειν
675 2813 780 2896 αὐτὴν
804 2813 858 2878 δεῖ
876 2823 944 2878 τῶν
967 2812 1155 2897 ἐπιθυμιῶν

141 2915 197 2983 καὶ
233 2919 277 3002 μὴ
310 2917 510 3001 ἐπιτρέπειν,
547 2916 618 2985 ἀλλ’
656 2919 740 2984 αὐτά
775 2930 884 2984 ποιεῖν
916 2918 937 2982 δ
970 2917 1012 2983 ἀν
1048 2931 1155 2984 ποιῶν
1169 2938 1195 2980 ει

142 3027 282 3108 βελτίων
311 3027 411 3090 ἐσται.
459 3025 499 3089 οὐ
526 3026 590 3110 γάρ
618 3047 684 3090 που
714 3024 797 3109 αὐτῇ
825 3025 963 3109 ἀμεινον
990 3033 1029 3109 τη
1056 3034 1155 3109 ψυχῇ.

54 3148 129 3190 ιῡεΚ,
143 3131 270 3196 οὐκοῦν
300 3132 338 3196 τὸ
371 3136 495 3216 είργειν
522 3126 612 3195 ἐστὶν
641 3128 700 3213 ἀφ’
733 3125 780 3195 ὧν
808 3130 968 3214 ἐπιθυμεῖ
996 3129 1155 3208 κολάζειν.

142 3239 179 3301 τὸ
203 3236 403 3315 κολάζεσθαι
425 3237 489 3321 ἀρα
512 3243 551 3319 τῇ
570 3243 659 3320 ψυχῇ
677 3236 815 3320 ἀμεινόν
837 3233 927 3299 ἐστιν
946 3233 966 3318 ἢ
986 3234 1155 3320 ἀκολασία,

143 3344 252 3427 ὥσπερ
281 3344 316 3408 oc
345 3338 463 3406 πολλοὶ
492 3347 634 3425 οῖονται,
667 3338 721 3406 καί
750 3340 787 3404 τὸ
815 3343 955 3424 κόσμιον
983 3335 1069 3406 εἶναι
1100 3341 1156 3406 καλ

215 3504 247 3551 11
263 3494 403 3588 απηΡΚ
414 3486 812 3589 απείηλ14ονηχχὸτιτιμίοε
827 3491 1011 3588 ovsScahger
1024 3497 1081 3582 1125
1096 3493 1155 3553 ἐπ

144 3565 257 3636 τρέπειν
275 3566 338 3624 ἀλλ’
358 3517 641 3639 ἀτταποιεῖνηάφη
656 3588 696 3621 ων
712 3569 809 3638 βελτίω
810 3561 1084 3638 νΡΙΙῶθοά]ουτω
1099 3568 1154 3626 ΡΚ.
