2670 3932
196 205 237 270 78
604 207 795 263 IAMBLIGHI

283 367 354 434 XV.
378 370 473 434 Μετά
495 378 598 435 ταῦτα
622 370 663 453 δὴ
687 370 861 436 ἀπεικάσαι
880 371 934 435 δεῖ
949 369 1090 457 τοιούτῳ
1108 367 1213 433 πάθει

194 477 256 560 την
278 473 440 561 ἡμετέραν
464 477 569 558 φύσιν
587 478 739 554 παιδείας
760 500 796 542 τε
818 475 895 563 πέρι
912 473 967 542 καὶ
986 476 1212 551 ἀπαιδευσίας.

196 581 247 648 ἰδὲ
264 583 328 668 γάρ
347 581 549 668 ἀνθρώπους
567 576 642 650 οἷον
661 583 698 650 έν
715 587 877 674 καταγείῳ
897 587 1023 668 οίκησει
1046 583 1213 666 σπηλαιώ-
1228 607 1294 649 οοε

195 690 258 773 δει,
281 688 556 775 ἀναπεπταμένην
582 691 665 777 πρὸς
692 693 729 757 τὸ
753 701 825 775 φώς
847 693 908 775 τὴν
931 690 1066 756 είσοδον
1090 689 1212 774 έχούση

169 796 326 884 εμακράν
353 797 442 882 παρὰ
468 804 535 862 πᾶν
556 798 595 861 τὸ
618 799 798 881 σπήλαιον,
828 797 864 863 έν
891 797 994 882 ταύτη
1021 795 1057 862 έκ
1082 797 1213 862 παίδων

197 905 297 981 ὄντας
320 901 357 970 έν
376 902 510 988 δεσμοῖς
527 900 582 968 καὶ
599 904 641 968 τὰ
658 902 758 987 σκέλη
777 902 833 969 καὶ
854 906 934 982 τοὺς
952 901 1105 988 αὐχένας,
1129 903 1212 967 ώστε

197 1008 310 1095 μένειν
329 1032 363 1074 τε
382 1007 505 1086 αύτούς
523 1015 571 1087 είς
588 1032 623 1075 τε
640 1011 678 1075 τὸ
696 1012 848 1096 πρόσθεν
863 1013 969 1096 μόνον
988 1009 1082 1096 δρᾶν,
1101 1010 1213 1097 κύκλῳ

198 1110 236 1180 δὲ
258 1116 316 1192 τάς
337 1116 483 1199 κεφαλάς
505 1115 570 1180 ὑπὸ
593 1124 654 1182 τοῦ
678 1118 803 1202 δεσμοῦ
825 1116 1013 1194 ἀδυνάτους
1030 1117 1213 1202 περιάγειν,

198 1231 270 1304 φώς
294 1217 332 1286 δὲ
354 1221 468 1298 αὐτοῖς
489 1223 595 1307 πυρὸς
617 1223 753 1288 ἀνωθεν
775 1221 831 1289 καὶ
848 1225 1029 1309 πόρρωθεν
1047 1225 1214 1307 καόμενον

160 1354 185 1396 ιο
198 1329 341 1393 ὄπισθεν
365 1327 487 1410 αὐτῶν,
510 1327 631 1412 μεταξύ
654 1325 692 1394 δὲ
713 1337 775 1395 τοῦ
797 1330 903 1415 πυρὸς
921 1327 976 1396 καὶ
998 1339 1066 1394 τών
1087 1328 1214 1412 δεσμώ-

198 1443 265 1499 τῶν
288 1433 398 1499 έπάνώ
420 1433 513 1518 ὁδόν,
535 1432 613 1521 παρ’
634 1435 677 1518 ἣν
696 1430 783 1501 εἶναι
799 1439 924 1521 τειχίον
943 1433 1214 1524 ᾠκοδομημένον,

200 1541 310 1626 ώσπερ
336 1551 406 1618 τοῖς
433 1548 697 1626 θαυματοποιοῖς
723 1545 789 1626 πρὸ
817 1553 883 1608 τών
916 1542 1106 1628 ἀνθρώπων
1133 1543 1214 1626 πρό-
1228 1564 1305 1604 τοοκ.

198 1671 303 1714 κειται
330 1648 370 1713 τὰ
396 1649 678 1734 παραφράγματα,
709 1646 792 1736 ὑπὲρ
821 1645 869 1714 ών
896 1650 937 1714 τά
963 1648 1120 1733 θαύματα
1148 1649 1215 1713 δει-

200 1755 371 1820 κνύουσιν.
416 1756 463 1819 ἔτι
487 1757 604 1822 τοίνυν
628 1757 691 1842 ὅρα
712 1757 802 1842 παρά
825 1765 925 1822 τοῦτο
947 1756 985 1820 τὸ
1008 1757 1132 1839 τειχίον
1156 1752 1214 1836 φέ-

160 1885 186 1926 15
201 1883 321 1947 ροντας
339 1860 542 1946 ἀνθρώπους
559 1863 661 1946 σκεύη
680 1885 715 1927 τε
728 1863 925 1928 παντοδαπὰ
937 1859 1139 1947 ὑπερέχοντα
1153 1868 1215 1925 τοῦ

199 1969 324 2051 τειχίου
351 1965 407 2032 καὶ
434 1966 635 2053 ἀνδριάντας
661 1966 716 2033 καὶ
744 1969 827 2034 ἀλλα
858 1971 922 2057 ζῷα
949 1967 1066 2033 λίθινά
1094 1990 1129 2032 τε
1159 1964 1214 2032 καί

201 2071 318 2151 ξύλινα
344 2069 400 2138 καὶ
421 2084 564 2138 παντοῖα
586 2072 802 2159 εἰργασμένα,
825 2067 900 2142 οἷον
923 2075 1024 2158 είκύς,
1052 2076 1131 2150 τοὺς
1153 2068 1214 2157 μέν

201 2178 470 2264 φθεγγομένους,
497 2183 577 2258 τοὺς
604 2177 642 2246 δὲ
665 2191 828 2265 σιγῶντας
850 2191 917 2247 τῶν
941 2182 1214 2266 παραφερόντων.
1326 2231 1327 2242 ,

200 2287 262 2370 την
286 2288 327 2371 δὴ
350 2288 476 2354 ἀτοπον
499 2289 611 2354 είκόνα
633 2289 758 2373 ταύτην
775 2286 831 2354 καί
849 2290 928 2365 τοὺς
946 2288 1115 2373 δεσμώτας
1136 2287 1215 2362 τοὺς

161 2416 188 2456 ιο
201 2393 346 2472 ἀτόπους
367 2390 429 2472 θὲς
451 2389 537 2460 είναι
561 2395 697 2481 ὁμοίους
719 2394 809 2480 ἡμῖν.
853 2398 933 2472 τοὺς
954 2396 1018 2480 γάρ
1041 2393 1215 2468 τοιούτους

201 2510 334 2586 πρώτον
357 2498 419 2586 μέν
443 2501 569 2568 ἑαυτῶν
592 2525 626 2568 τε
649 2499 704 2567 καὶ
727 2501 881 2586 ἀλλήλων
904 2507 966 2567 οίει
993 2503 1090 2566 ἀντι
1113 2498 1215 2585 ἑωρα-

201 2606 295 2673 κέναι
318 2608 399 2673 ἀλλο
423 2608 510 2690 πλην
532 2609 590 2685 τάς
614 2609 707 2685 σκιάς
729 2609 787 2684 τὰς
808 2607 874 2673 ὑπὸ
896 2615 958 2673 τοῦ
979 2607 1085 2692 πυρὸς
1107 2608 1155 2683 είς
1176 2606 1214 2670 τὸ

202 2711 271 2780 κατ’
308 2713 445 2799 ἀντικρὺ
481 2713 593 2779 αὐτῶν
629 2723 690 2779 τοῦ
726 2716 890 2797 σπηλαίου
926 2712 1213 2800 προσπιπτούσαςς

203 2816 304 2886 οὐδέν
332 2819 422 2885 ἀλλο.
467 2829 536 2897 πῶς
558 2820 637 2905 γάρ,
667 2822 698 2886 εί
718 2819 896 2904 ἀκινήτους
922 2845 960 2904 γε
987 2821 1045 2897 τὰς
1067 2818 1213 2904 κεφαλάς
1324 2843 1325 2858 ¹

162 2947 188 2988 ετ
202 2927 289 3010 ἔχειν
317 2924 562 3010 ἠναγκασμένοι
590 2921 658 2992 εἷεν
685 2927 741 2992 διά
769 2929 862 3009 βίους
889 2929 926 2993 τί
950 2923 987 2992 δὲ
1014 2935 1082 2993 τών
1109 2948 1213 3011 παρα-
1228 2943 1288 2986 οτι.

203 3031 414 3120 φερομένων;
448 3032 489 3098 ού
515 3034 638 3099 ταύτὸν
665 3041 779 3113 τοῦτο;
812 3037 848 3098 τί
877 3036 957 3118 μην;
991 3035 1023 3099 εί
1052 3028 1115 3099 οὖν
1144 3032 1214 3096 δια-

203 3138 361 3223 λέγεσθαι
389 3133 458 3205 οἱοί
481 3138 513 3205 τ’
539 3135 607 3206 είεν
630 3141 713 3227 πρὸς
740 3140 918 3226 ἀλλήλους,
950 3141 991 3206 ού
1020 3148 1122 3205 ταῦτα
1149 3138 1213 3225 ἡγῇ
1323 3143 1324 3167 ¹

294 3374 316 3422 1.
337 3389 363 3438 p.
380 3374 422 3436 ετ,
437 3374 454 3422 ε
472 3369 544 3423 Ριτι.
564 3367 645 3424 civit.
661 3368 712 3424 vn
731 3387 758 3438 p.
774 3368 946 3424 ειεΑ-ειτ
957 3367 986 3423 c.

294 3585 310 3632 3
329 3581 372 3632 ίδε
387 3583 397 3647 ΙΙ
411 3585 445 3633 26
463 3579 561 3644 τοῦτο;
580 3581 610 3632 τί
624 3576 694 3648 μήν;
714 3577 803 3634 Cobet
822 3595 855 3633 ex
873 3581 907 3634 P:
927 3576 1022 3634 τούτοι
1042 3576 1103 3648 μήν.
