2674 3932
187 221 208 284 6
413 216 535 272 IAMBL.
555 215 756 272 PROTREPT.
776 215 977 273 SUMMARIA.

275 378 487 464 Μεμιγμέναι
505 377 674 462 ὑποθῆκαι
692 388 895 464 προτροπαίς
912 385 1009 464 κοινῇ
1029 379 1205 462 διήκουσαι
1225 397 1256 446 Κ

187 484 240 553 ἐπὶ
268 487 375 551 πάντα
401 487 442 550 τά
470 484 581 569 ἀγαθά
607 483 662 551 καί
689 486 730 550 τὰ
753 483 834 570 μέρη
857 485 964 549 πάντα
986 486 1026 550 τά
1050 484 1087 549 ἐν
1110 489 1205 569 φιλο-

188 597 292 680 σοφίᾳ
318 591 374 658 καὶ
400 594 441 656 τὰ
467 591 544 675 τέλη
567 600 629 655 τοῦ
651 593 744 680 βίον,
772 585 820 656 ὧν
842 590 1030 674 στοχάζεται
1052 590 1073 672 ἡ
1097 589 1204 676 ἀρετή.

279 701 336 776 Τίς
362 698 383 782 ἡ
407 697 591 782 συμβολικὴ
620 697 791 782 προτροπὴ
815 693 870 761 καί
897 707 967 773 πῶς
992 700 1120 780 γίνεται
1148 697 1204 761 διὰ
1218 713 1271 764 ΚΑ

160 807 378 890 εσυμβόλων,
402 801 581 880 άνάπτυξίς
602 825 637 867 τε
661 799 715 868 καὶ
738 802 834 885 κοινὴ
858 812 925 867 τῶν
949 804 1126 887 συμβόλων
1149 799 1205 867 καί

188 913 257 976 ἰδία
280 909 436 993 ἑκάστου,
465 911 571 992 μόνον
594 903 648 972 ἀπ’
677 907 787 972 αὐτῶν
810 909 848 972 τὸ
871 911 1111 994 προτρεπτικὸν
1134 908 1205 992 ἐξη-

186 1015 333 1101 γουμένη
357 1025 510 1099 ποσαχῶς
535 1016 677 1098 γίνεται,
705 1015 767 1097 τὴν
790 1009 827 1078 δὲ
850 1015 955 1098 ἄλλην
977 1019 1204 1101 πραγματείαν
1262 1061 1266 1066 -

186 1121 352 1210 περὶτῶν
376 1123 555 1206 συμβόλων
578 1120 724 1204 ἀλλαχοῦ
747 1118 999 1206 ὑπερτιθεμένη.

585 1388 798 1395 —--—————-

194 1613 489 1690 ΙΑΜΒΛΙΧΟὙ
515 1613 826 1688 ΧΑΛΚΙΔΕΩΣ
853 1615 960 1688 ΤΗΣ
986 1613 1194 1689 ΚοιΛΗΣ
1216 1604 1324 1704 ,ξλεμ

146 1771 172 1809 ι
321 1731 506 1807 ΣΤΡΙΑΣ
533 1730 948 1807 ΠΡΟΤΡΕΠΤΙΚΟΣ
974 1733 1067 1808 ΕΠΙ
1322 1683 1324 1800 λ

514 1849 862 1926 ΦΙΛΟΣΟΦΙΑΝ.

273 2025 299 2089 Ι.
323 2021 408 2109 Περὶ
431 2019 492 2107 μὲν
515 2024 725 2108 Πυθαγόρου
747 2019 803 2087 καί
821 2032 882 2088 τοῦ
900 2021 970 2089 κατ’
998 2024 1101 2089 αὐτὸν
1124 2027 1204 2107 βίου
1322 2039 1323 2072 1

183 2141 251 2194 τῶν
270 2152 304 2194 τε
323 2134 573 2214 Πυθαγορικῶν
594 2129 729 2214 ἀνδρῶν
747 2130 787 2194 τὰ
806 2129 975 2216 σύμμετρα
995 2129 1031 2194 ἐν
1049 2141 1120 2206 τοῖς
1136 2131 1201 2213 πρὸ
1322 2138 1323 2155 ’

184 2237 313 2301 τούτων
336 2236 523 2320 εἰρήκαμεν,
549 2235 729 2320 ἀρχώμεθα
753 2231 791 2310 δὲ
813 2236 850 2299 τὸ
873 2236 992 2301 λοιπὸν
1016 2235 1121 2300 αὐτοῦ
1144 2244 1203 2319 τῆς
1321 2219 1322 2250 ³

143 2369 169 2410 15
184 2341 341 2427 αίρέσευς
369 2341 432 2407 άπὸ
461 2350 519 2426 τῆς
546 2350 660 2425 κοινῆς
684 2343 730 2418 είς
752 2350 863 2407 πᾶσαν
885 2343 1040 2408 παιδείαν
1063 2340 1119 2407 καί
1141 2343 1202 2426 μά-

183 2455 288 2532 θησιν
319 2446 376 2514 καὶ
402 2448 524 2534 ἀρετὴν
553 2457 779 2534 παρασκευῆς,
812 2448 883 2530 λίτις
915 2447 956 2511 οὐ
987 2448 1070 2512 κατὰ
1102 2446 1203 2534 μέρος

183 2555 399 2638 ἀπολαβοῦσα
421 2556 504 2640 πρὸς
527 2553 565 2618 ἕν
587 2575 620 2617 τι
640 2563 707 2617 τῶν
725 2553 861 2618 πάντων
883 2555 1124 2639 παρασκεύαζει
1141 2555 1201 2619 τὸν
1319 2613 1320 2616 ,

183 2663 367 2747 άνθρυπον
395 2658 598 2742 ἐπιτήδειον,
632 2657 703 2723 ἀλλ’
735 2658 780 2734 ὡς
807 2657 916 2735 ἁπλῶς
943 2661 1048 2725 είπεϊν
1079 2660 1137 2737 τάς
1164 2658 1202 2725 ἐν

183 2767 272 2854 αὐτῷ
300 2766 492 2850 προθυμίας
518 2764 695 2850 προτρέπει
723 2766 770 2841 είς
796 2766 904 2830 πάντα
936 2762 997 2850 μὲν
1025 2767 1065 2831 τά
1094 2769 1202 2850 μαθή-

271 2981 287 3029 2
306 2970 341 3028 τὰ
355 2971 450 3027 πάντα
464 2970 499 3027 τὰ
513 2968 558 3042 άγ.
573 2975 600 3028 λι
615 2974 647 3028 l.:
662 2972 756 3029 πάντα
771 2970 816 3043 άγ.
831 2975 879 3030 fol.
892 2981 950 3030 739,
963 2977 972 3044 ΙΙ
986 2971 1080 3030 πάντα
1095 2970 1126 3029 ἐν
1141 2980 1200 3043 φιλ.

181 3048 208 3102 h.
218 3045 237 3100 l.
251 3048 261 3114 ΙΙ
274 3047 426 3114 4γίγνεται
436 3044 463 3100 h.
474 3044 491 3098 l.
506 3046 516 3114 ss
530 3048 595 3112 δερ.
606 3047 687 3113 κοινῆ
697 3046 753 3099 τῶν
767 3048 848 3118 σνμβ.
858 3046 907 3100 καλ
916 3044 965 3100 διὰ
977 3043 1098 3100 ἑκάστου
1109 3043 1199 3100 αὐτοῦ

181 3118 209 3172 h.
217 3117 236 3172 l.
251 3120 260 3186 ΙΙ
275 3123 289 3172 7
299 3115 441 3186 ποσαχῶς]
451 3115 511 3176 πῶς
520 3112 593 3184 άρχὴ
604 3115 721 3171 101761)
735 3119 745 3186 I
760 3122 792 3170 10
801 3133 841 3186 sq.
852 3112 1054 3184 προτρεπτικὸς
1064 3113 1109 3171 ἐπί
1121 3120 1200 3185 φιλο-

182 3191 287 3256 σοφίαν
304 3185 630 3241 inindicelibr.1ambl.
647 3186 676 3256 (f.
693 3190 755 3258 1a):
769 3190 970 3258 πνθαγορείων
987 3183 1200 3258 ὑπομνημάτων

180 3271 271 3362 τιμά
289 3287 355 3352 τοὺς
377 3289 598 3360 προτρεπτικοίις
615 3289 715 3363 λόγους
738 3292 780 3356 είς
802 3295 974 3362 φιλοσοφίαν
999 3293 1045 3361 (cf.
1062 3294 1201 3368 Iemmata

182 3363 297 3418 Stobaei
315 3361 397 3416 floril.
416 3361 443 3414 II
456 3367 499 3416 40.
518 3361 609 3417 XLIII
624 3369 667 3418 71.
688 3362 726 3418 VI
739 3369 783 3431 41,
802 3367 926 3432 itemque
941 3363 1029 3418 XLVI
1045 3368 1090 3431 70)
1108 3363 1138 3417 in
1156 3364 1198 3417 in-

181 3433 346 3504 scriptione:
371 3437 479 3502 πνθαγ.
502 3429 643 3505 ὖπομνημ.
668 3431 771 3507 (λόγος
794 3433 948 3508 δεύτερος)
970 3434 1110 3504 περιέχων
1133 3432 1200 3496 τοὺς

181 3525 276 3575 προτρ.
297 3503 356 3572 λόγ.
382 3502 422 3565 είς
445 3508 503 3571 φιλ.
522 3504 666 3560 Fabricius
686 3504 830 3575 (zeitschr.
853 3507 899 3560 fiir
924 3507 968 3560 die
984 3505 1199 3560 'Alterthumsw

182 3581 260 3643 1838,
277 3576 338 3643 111)
353 3577 363 3644 [Ι
379 3579 412 3628 14
430 3570 588 3645 άρχιάμεθα
606 3574 642 3629 A:
663 3571 823 3647 άρχόμεθα.
