2674 3932
354 198 547 254 IAMBLICHI
565 198 839 254 PROTREPTICUS
860 201 893 266 (ο.
912 197 944 268 l).
1137 197 1155 260 '1

138 386 240 448 ματα,
268 362 375 439 πόσας
403 359 440 427 δέ
467 363 525 438 τὰς
548 361 741 445 ἐπιστήμας,
769 360 875 436 πόσας
904 356 940 425 δὲ
967 362 1025 437 τὰς
1052 359 1088 425 έν
1111 369 1156 448 τῶ

58 485 125 526 1⁰11.
140 472 203 557 βίφ
232 469 333 545 καλδις
359 466 415 533 καὶ
442 470 597 552 γενναίας
624 466 773 554 πράξεις,
801 467 909 544 πόσας
936 463 973 532 δὲ
996 469 1157 551 παιδείας,
1268 457 1272 465 ’

139 574 194 640 καὶ
217 575 261 652 ὡς
284 577 362 652 έπος
381 577 486 640 εἰπεῖν
503 575 611 640 πάντα
630 575 691 640 ὅσα
710 571 837 658 μετέχει
854 583 915 639 τοῦ
929 579 1041 638 καλοῦ.
1080 575 1157 639 οὔτε

140 684 202 768 νδρ
226 683 307 747 όίνευ
329 688 391 746 τοῦ
412 689 644 766 προτραπῆναι
667 672 741 745 οἷόν
763 681 800 744 τέ
822 679 913 744 ἐστιν
937 679 1080 764 ὁρμῆσαι
1104 678 1157 746 ἐπὶ

140 787 181 851 τὰ
197 789 281 853 καλοὶ
299 785 354 852 καὶ
372 797 511 871 γενναῖα
530 786 783 872 ἐπιτηδεύματα,
808 785 886 850 οὔτε
907 778 980 850 οἷόν
999 809 1034 850 τε
1053 787 1184 863 εὐθὺςὸ

72 907 123 951 2A.
140 890 193 958 ἐπὶ
219 896 256 960 τὸ
285 893 467 980 ἀκρότατον
497 892 553 959 καὶ
579 896 785 959 τελειότατον
818 892 950 976 όχαθδν
982 914 1158 978 προευτρε-

138 1001 245 1077 πίζειν
267 1002 343 1066 τινὰ
365 998 445 1084 πρὶν
469 999 643 1085 ἐμποιῆσαι
666 1000 940 1083 ὑποκατασκευῆν
961 1008 1026 1083 τῆς
1051 1009 1158 1084 φυχῆς

139 1106 196 1170 διὰ
222 1116 279 1189 τῆς
306 1115 508 1194 προτροπῆς·
537 1105 607 1172 ἀλλ’
640 1107 749 1193 ῶσπερ
777 1106 798 1190 ἡ
825 1107 914 1190 ψυχῆ
943 1107 1024 1171 κατὰ
1050 1109 1158 1191 βραχὺ

138 1215 291 1296 πρόεισιν
315 1212 368 1279 ἐπὶ
390 1215 430 1278 τὰ
452 1217 586 1298 μείζονα
610 1213 673 1279 ἀπὸ
693 1224 760 1279 τῶν
778 1212 977 1295 ἐλαττόνων,
1001 1214 1057 1277 διδι
1075 1214 1157 1278 ποίν-

138 1339 206 1382 των
232 1340 268 1383 τε
296 1318 430 1398 διέξεισι
456 1329 524 1385 τῶν
551 1325 676 1403 καλῶν,
705 1319 760 1385 καὶ
788 1317 841 1386 ἐπὶ
864 1328 910 1409 τῶ
934 1319 1019 1385 τέλει
1044 1321 1198 1385 ven-10

138 1425 284 1490 λειότατα
313 1425 425 1510 ἀγαθὰ
456 1426 617 1511 εὑρίσκει,
651 1426 757 1502 οὕτως
784 1424 840 1491 καὶ
871 1426 932 1508 τῆν
964 1428 1157 1512 προτροπὴν

139 1531 193 1595 δεῖ
214 1530 281 1617 ὁδῶ
302 1529 455 1616 προϊέναι
474 1529 663 1617 ἀρχομένην
686 1531 749 1596 ἀπὸ
769 1541 836 1596 τῶν
854 1543 988 1596 κοινῶν.
1026 1534 1074 1608 είς
1091 1534 1155 1619 γὰρ

95 1675 98 1682 ·
139 1639 346 1719 φιλοσοφίαν
369 1636 480 1712 ἁπλῶς
497 1639 704 1722 παρορμῆσει
727 1635 782 1701 καὶ
804 1638 887 1720 πρὸς
906 1636 986 1701 αὐτὸ
1006 1639 1043 1701 τὸ
1063 1644 1158 1722 φιλο-

62 1758 124 1797 121<-
139 1751 259 1825 σοφεῑν
291 1743 483 1826 συλλήβδην
513 1737 591 1806 καθ’
622 1742 782 1825 ῆντινοῦν
815 1741 964 1825 ἀγωχῆν,
997 1744 1158 1826 μηδεμιᾶς

136 1857 204 1912 τῶν
230 1846 397 1928 ἀἱρέσεων
427 1849 584 1934 όίντικρυς
612 1846 891 1934 προκρινομένης,
922 1847 1008 1913 ἀλλὰ
1036 1860 1158 1926 κοινῶς
1172 1866 1197 1907 15

136 1955 218 2018 κατὰ
235 1952 334 2037 γένος
351 1954 490 2021 ἁπασῶν
509 1953 761 2040 ἐπαινουμένων
779 1952 834 2020 καί
858 1955 947 2039 παρὰ
965 1956 1006 2020 τὰ
1024 1954 1158 2041 ἀνδρώ-

137 2081 218 2126 πινα
246 2059 487 2146 ἐπιτηδεύματα
513 2060 791 2146 πρεσβευομένων
822 2061 905 2126 κατά
933 2083 1009 2128 τινα
1040 2064 1157 2127 κοινὸν

137 2164 192 2229 καὶ
212 2167 349 2250 δημώδη
369 2169 608 2253 προτρεπτικόν
621 2170 757 2253 τρόπον.
794 2169 875 2251 μετὰ
895 2164 931 2232 δὲ
950 2176 1054 2233 ταῦτα
1073 2168 1156 2254 μέση

137 2268 204 2336 τινὶ
227 2272 362 2356 μεθόδῳ
386 2271 563 2358 χρηστέον,
592 2273 669 2337 οὔτε
696 2273 885 2340 παντάπασι
909 2275 1056 2359 δημώδει
1080 2275 1157 2340 οὔτε

138 2378 204 2461 μην
236 2378 392 2462 όίντικρυς
424 2382 661 2463 Πυθαγορικῆ,
700 2373 771 2443 ἀλλ’
806 2376 885 2444 οὐδὲ
923 2378 1157 2466 όπηλλαγμένη
1171 2399 1198 2438 20

138 2483 323 2570 ὁλοσχερῶς
346 2482 503 2572 ἑκατέρου
526 2493 587 2550 τοῦ
609 2486 737 2570 τρόπου
759 2484 890 2550 τούτου.
937 2485 973 2550 έν
997 2482 1035 2550 δὲ
1053 2487 1156 2572 ταύτῃ

137 2591 252 2666 κοινός
265 2613 301 2655 τε
314 2591 422 2676 πόσης
440 2593 643 2676 φιλοσοφίας
661 2589 802 2676 τάξομεν
818 2594 1053 2678 παρορμῆσεις,
1074 2593 1157 2658 ὥστε

80 2711 126 2753 ΒΑ.
138 2698 341 2782 κεχωρίσθαι
370 2697 470 2774 αὐτὰς
499 2701 743 2783 Πυθαγορικοῦ
771 2700 981 2781 βουλήματος
1009 2700 1092 2765 κατά
1120 2724 1157 2783 νε

137 2811 247 2885 τοῦτο,
270 2802 474 2888 συμμίξομεν
494 2800 531 2868 δὲ
551 2803 766 2890 έχκαιρότατα
784 2803 839 2868 καὶ
857 2805 916 2881 τὰς
933 2814 1001 2869 τῶν
1020 2804 1156 2891 ἀνδρῶν

138 2909 266 2973 τούτων
289 2909 493 2993 κυριωτάτας
516 2908 614 2987 δόξας
639 2912 699 2991 [είς
723 2909 761 2986 δς
781 2909 979 2996 προτρέπειν
998 2922 1065 2977 τῶν
1084 2917 1156 2978 Πυ-
1170 2929 1196 2970 25

138 3011 357 3100 δαχορικῶν],
381 3015 464 3079 ὥστε
487 3016 611 3081 οίκείον
634 3018 812 3100 γίγνεσθαι
836 3019 908 3098 [τὸν
926 3019 1065 3100 τρόπον]
1089 3029 1156 3084 τῶν

230 3193 262 3243 18
271 3206 331 3258 sqq.
352 3189 386 3244 ef.
405 3189 479 3244 infra
497 3206 520 3244 c.
538 3189 604 3244 XXI
621 3207 649 3259 p.
664 3196 725 3259 306,
741 3197 827 3259 esqq.
847 3190 946 3246 Kiessl.

228 3352 262 3401 18
281 3344 351 3418 μετὰ
370 3345 415 3420 el]
435 3348 500 3404 hine
520 3348 641 3402 alterum
661 3352 745 3420 caput
762 3349 792 3404 in
811 3349 920 3405 codiee:
939 3349 1000 3420 ipse
1018 3350 1045 3403 Κ
1063 3353 1092 3407 et
1111 3368 1155 3406 οε·
1178 3343 1185 3356 '

137 3417 204 3486 pitis
219 3416 247 3472 α’
261 3417 445 3473 summarium
460 3422 583 3490 sequorl
599 3425 631 3474 19
640 3439 680 3490 sq.
696 3417 762 3476 οὔτε
772 3418 828 3490 μὴν
838 3422 883 3488 (ex
893 3439 919 3490 p.
931 3427 991 3486 306,
1002 3422 1154 3490 11Kiessl.)

138 3490 262 3557 reposui:
285 3485 353 3545 οόδδ
373 3486 429 3560 μὴν
444 3491 453 3559 ΙΙ
466 3496 501 3545 25
512 3490 612 3559 θηρός
630 3485 664 3554 ἃς
684 3493 757 3564 (οἵας
775 3492 822 3548 vel
841 3489 942 3555 ἱκανὰς
961 3493 1032 3547 coni.
1052 3495 1081 3548 et
1099 3495 1155 3547 τῶν

139 3563 215 3614 ssve.
236 3561 290 3618 del.
310 3560 420 3632 Vitelli)
438 3581 485 3631 πρ.
503 3563 559 3617 τῶν
579 3564 790 3635 Πυθαγορικῶν
814 3566 843 3620 et
861 3559 910 3618 τὸν
928 3563 1035 3634 τρόπον
1055 3563 1155 3618 delevi.
