2674 3932
442 217 718 288 PROTREPTICUS
737 220 769 289 (ο.
787 217 818 276 V.
833 220 891 290 VI).
1131 219 1173 284 37

158 380 384 464 συμμιγνύναι
402 391 474 457 ταῖς
495 381 664 456 τοιαύταις
686 384 909 467 παρακλήσεσι
932 385 990 459 τάς
1010 383 1093 468 πρὸς
1115 383 1174 448 τὸν

157 486 329 550 πολιτικὸν
359 484 415 550 καὶ
447 488 629 571 πρακτικὸν
661 489 737 569 βίον
767 487 964 572 προτροπάς.
1015 483 1080 554 ὦδε
1112 484 1175 554 οὖν

158 589 321 676 λέγωμεν·
339 593 379 656 τά
398 591 598 676 ὑποκείμενα
616 594 699 676 πρὸς
717 595 777 657 τὸν
796 595 871 676 βίον
890 592 981 678 ἡμῖν,
1001 585 1075 660 οἷον
1094 595 1174 680 (cb)

159 707 252 782 σῶμα
275 695 332 764 καὶ
353 698 436 782 <τά>
458 695 534 781 περὶ
560 700 597 763 τὸ
627 710 736 783 σῶμα,
765 699 918 785 καθάπερ
946 701 1073 785 ὄργανά
1099 725 1175 767 τινα

158 805 338 887 ὑπόκειται,
360 805 490 869 τούτων
514 802 543 868 δ’
572 803 784 882 ἐπικίνδυνός
808 804 898 871 ἐστιν
921 805 942 890 ἡ
966 815 1097 891 χρῆσις,
1120 806 1201 872 καὶτ

157 908 259 975 πλέον
289 911 436 996 θάτερον
467 910 680 997 ἀπεργάζεται
712 922 782 988 τοῖς
813 913 857 996 μη
887 914 1030 991 δεόντως
1062 913 1176 991 αὐτοῖς

82 1036 144 1079 ιοΑ.
157 1015 349 1102 χρωμένοις.
396 1019 450 1083 δεῖ
474 1021 592 1083 τοίνυν
615 1017 795 1103 ὀρέγεσθαι
819 1027 878 1102 τῆς
900 1018 1078 1105 ἐπιστήμης
1099 1030 1175 1086 κτᾶ-

159 1126 245 1188 σθαί
263 1145 299 1188 τε
323 1120 505 1206 αὐτὴνκαὶ
527 1128 674 1208 χρῆσθαι
697 1124 782 1209 αὐτῇ
799 1127 1044 1210 προσηκόντως,
1069 1125 1114 1192 δι’
1137 1123 1176 1210 ης

68 1253 146 1294 1041.
161 1229 267 1294 πάντα
294 1237 398 1294 ταῦτα
425 1223 464 1293 εὖ
486 1230 673 1313 θησόμεθα.
720 1229 969 1315 φιλοσοφητέον
997 1233 1061 1316 άρα
1084 1231 1174 1317 ἡμῖν,

159 1337 190 1400 εί
211 1334 373 1420 μέλλομεν
392 1334 505 1421 ὀρθῶς
522 1335 780 1400 πολιτεύσεσθαι
798 1335 853 1401 καὶ
872 1338 932 1402 τὸν
950 1336 1078 1404 ἑαυτῶν
1097 1341 1174 1423 βίον
1188 1357 1215 1395 10

158 1441 283 1520 διάξειν
320 1442 502 1526 ὠφελίμως.
557 1445 604 1506 ἔτι
641 1445 759 1508 τοίνυν
797 1444 894 1509 άλλαι
929 1443 990 1528 μίν
1023 1447 1108 1511 εἰσιν
1142 1446 1179 1510 αί

157 1557 316 1613 ποιοῦσαι
334 1547 474 1613 ἕκαστον
493 1558 560 1612 τῶν
584 1548 620 1613 ἐν
642 1556 688 1637 τῷ
708 1552 770 1636 βίφ
789 1551 1085 1635 πλεονεκτημάτων
1108 1552 1176 1617 ἐπι·
1276 1610 1281 1617 .

158 1661 291 1737 στῆμαι,
315 1653 411 1718 άλλαι
435 1650 472 1719 δὲ
495 1654 533 1718 αί
553 1654 719 1738 χρώμεναι
742 1655 891 1737 ταύταις,
916 1655 971 1720 καὶ
994 1658 1091 1722 άλλαι
1114 1655 1176 1741 μὲν

158 1759 196 1824 αί
212 1758 447 1844 ὑπηρετοῦσαι,
467 1756 576 1844 ἕτεραι
595 1755 632 1824 δὲ
652 1759 689 1823 αί
700 1759 942 1844 ἑπιτάττουσαι,
961 1761 998 1826 ἐν
1014 1755 1066 1839 αἷς
1085 1761 1175 1828 ἐστιν

159 1865 203 1942 ὡς
222 1863 265 1929 άν
282 1863 580 1954 ἡμεμονικωτίραις
598 1865 825 1952 ὑπαρχούσαις
842 1868 880 1932 τὸ
899 1871 1022 1954 κυρίως
1042 1869 1081 1934 ὃν
1099 1869 1176 1952 άγα-
1191 1885 1216 1926 1⁵

158 1973 234 2038 θον.
281 1973 312 2036 εί
332 1974 449 2038 τοίνυν
472 1975 559 2057 μόνη
582 1973 603 2056 η
627 1981 688 2038 τοῦ
707 1977 836 2059 κρίνειν
855 1977 976 2060 ἔχουσα
994 1977 1056 2059 την
1075 1975 1177 2062 ὀρθό-

159 2101 240 2163 τητα
267 2077 322 2144 καὶ
349 2078 370 2162 ἡ
393 2087 439 2167 τῷ
463 2082 551 2167 λόγῳ
575 2079 728 2166 χρωμένη
756 2078 812 2145 καί
834 2081 854 2164 ἡ
878 2084 915 2148 τὸ
940 2083 1022 2149 ὅλον
1045 2081 1177 2166 ἀγαθὸν

81 2172 85 2182 ’
158 2190 348 2272 θεωροῦσα,
372 2186 443 2268 ἥτις
462 2184 530 2251 ἐστὶ
550 2190 746 2270 φιλοσοφία,
770 2194 916 2272 χρῆσθαι
934 2198 1015 2253 πᾶσι
1034 2187 1088 2254 καὶ
1107 2188 1175 2253 ἐπι-

159 2291 288 2357 τάττειν
311 2293 394 2357 αατά
417 2293 522 2377 φύσιν
546 2292 697 2375 δύναται,
722 2293 970 2378 φιλοσοφητέον
994 2294 1030 2358 ἐκ
1052 2296 1177 2372 παντὸς

160 2401 301 2484 τρόπον,
330 2399 374 2476 ὡς
397 2401 502 2483 μόνης
528 2401 732 2483 φιλοσοφίας
759 2399 820 2481 την
849 2399 958 2483 ὀρθὴν
983 2402 1094 2483 κρίσιν
1121 2398 1177 2465 καὶ
1191 2419 1218 2458 2⁰

159 2507 222 2588 τὴν
235 2504 468 2590 ἀναμάρτητον
487 2505 697 2588 ἐπιτακτικην
716 2508 885 2589 φρόνησιν
904 2505 941 2571 ἐν
956 2503 1055 2590 ἑαυτῇ
1070 2529 1177 2592 περιε-

159 2613 292 2696 χούσης.
330 2616 377 2676 ἔτι
395 2616 523 2696 τοίνυν,
548 2609 617 2678 ἐπεὶ
635 2613 675 2677 τά
699 2613 825 2678 δυνατά
847 2609 902 2677 καὶ
922 2610 1072 2696 ὠφέλιμα
1095 2613 1177 2676 πάν-

159 2741 213 2796 τες
240 2719 442 2804 αἱρούμεθα,
475 2717 714 2802 παραδεικτίον
741 2719 786 2796 ὡς
813 2727 858 2807 τῷ
883 2723 1084 2803 φιλοσοφεῖν
1118 2719 1177 2804 άμ-

161 2827 287 2912 φότερα
313 2833 416 2890 ταῦτα
443 2823 598 2910 ὑπάρχει,
630 2823 686 2890 καὶ
714 2825 764 2889 ὅτι
796 2826 858 2909 την
885 2828 1088 2910 χαλεπότητα
1120 2834 1178 2909 τῆς

161 2934 305 3015 κτήσεως
322 2929 566 3016 ὑποὸεεστέραν
586 2934 651 3015 ἔχει
670 2939 730 2995 τοῦ
745 2929 910 3015 μεγέθους
928 2941 986 3015 τῆς
1000 2931 1176 3016 ὠφελείας·
1191 2948 1218 2989 25

160 3038 201 3102 τά
224 3040 288 3124 γάρ
312 3035 382 3125 ῥᾴω
405 3037 526 3114 πάντες
547 3037 646 3119 ἥδιον
664 3045 843 3120 πονοῦμεν.
885 3034 1015 3122 ὅτιμὲν
1040 3033 1178 3115 οὖντὰς

162 3289 196 3340 63
221 3219 275 3354 123.
290 3231 317 3283 p.
333 3217 403 3281 41,5
418 3212 534 3268 Aristot.
549 3212 639 3268 Protr.
653 3213 685 3267 fr.
702 3218 735 3266 52
745 3211 817 3268 Rose
833 3211 886 3281 (ed.
898 3211 1001 3268 Teubn.
1015 3230 1042 3281 p.
1053 3219 1096 3279 60,
1108 3218 1177 3266 17-

234 3451 250 3498 3
265 3442 297 3499 τὸ
313 3446 343 3499 et
355 3451 373 3499 4
386 3441 422 3500 τά
437 3443 549 3500 addidit
561 3444 599 3499 K:
619 3443 749 3512 equidem
767 3443 855 3498 verba
873 3440 933 3498 οἷον
953 3443 1032 3512 σῶμα
1051 3443 1100 3497 καί
1113 3441 1182 3511 περὶ

162 3510 195 3569 τὸ
210 3517 290 3586 σῶμα
304 3515 402 3572 abesse
417 3517 514 3571 malim
528 3519 538 3585 [Ι
554 3522 585 3570 13
604 3514 732 3586 ταύταις]
746 3512 857 3578 τούτοις
875 3515 987 3585 scripsit
1001 3514 1026 3567 K
1040 3515 1049 3584 ΙΙ
1064 3520 1097 3568 23
1113 3515 1182 3569 scri-

162 3586 286 3642 bendum
305 3587 416 3642 videtur
434 3588 479 3658 (ol.
493 3607 521 3658 p.
536 3593 580 3658 41,
594 3589 622 3658 2)
641 3582 836 3642 ἀποδεικτέον.
