2674 3932
313 165 316 172 ¹
410 209 738 281 PROTREPTOUS(
750 211 872 281 1.111V.)
1089 213 1147 276 ,ιχ

134 391 225 439 των·
258 373 398 457 δρηταί
426 395 465 437 τε
498 372 570 458 γάρ
605 368 654 437 δι’
687 373 788 466 αὐτω
816 375 940 439 πάντα
970 372 1034 438 καί
1061 398 1149 458 γεν-

85 484 104 524 N
135 489 253 563 νηται
280 478 345 546 καὶ
374 489 528 564 νοῆται,
563 477 781 564 ριζωθέντα
811 478 875 544 καὶ
902 479 1150 563 γενναθέντα

137 583 178 652 δὲ
201 585 398 672 τράφεταί
414 608 453 650 τε
472 583 536 649 καὶ
559 583 712 662 ἀέξεται
735 581 799 648 καὶ
824 588 1046 668 ζωπυρηται
1068 583 1145 669 μετ’

138 691 371 768 αίσθάσιος,’
418 691 523 755 πάνυ
541 689 799 774 ἐπιστημονικῶς
838 689 985 755 ἐνταῦθα
1016 693 1077 774 την
1113 715 1148 756 τε

136 797 318 883 φύσινκαὶ
342 797 512 883 ἐνέργειαν
534 806 592 881 της
616 799 738 880 σοφίας
761 795 977 880 ἐπιδείκνυσι,
1007 795 1061 861 καὶ
1084 796 1175 862 ἀπὸτ

53 923 119 962 ⁴21<-
134 913 195 970 τοῦ
227 904 479 989 χρησιμωτάτην
512 903 616 988 αὐτὴν
653 898 738 968 εἶναι
770 901 824 967 καὶ
860 903 1149 987 ἡγεμονικωτάτην

135 1024 277 1077 ποιεῖται
295 1011 356 1093 τὴν
374 1010 567 1095 προτροπὴν
587 1007 639 1074 ἐπὶ
657 1010 716 1074 τὸν
735 1018 820 1074 νοῦν
838 1007 893 1074 καὶ
911 1010 972 1092 τὴν
991 1012 1149 1093 θεωρίαν.

136 1115 190 1184 καί
220 1119 304 1182 ἀλλο
333 1113 370 1180 δὲ
401 1116 594 1200 θαυμάσιον
622 1108 696 1181 οἷον
724 1117 771 1192 είς
797 1117 990 1202 προτροπὴν
1019 1115 1150 1198 ἀγαθὸν

121 1221 323 1309 παρέχεται·
355 1222 417 1288 ἀπὸ
441 1223 504 1308 γάρ
528 1233 594 1288 τῶν
618 1225 797 1307 γνωρίμων
820 1233 963 1287 ποιεῖται
985 1223 1046 1305 τὴν
1069 1222 1149 1287 ὑπό-

138 1347 262 1424 μνησιν
296 1324 339 1394 δι’
370 1330 549 1412 ἀναλογίας
581 1328 753 1414 ἐναργοῦς.
797 1330 834 1393 τὸ
864 1331 928 1413 γάρ
957 1330 1036 1406 ὄψιν
1064 1323 1150 1393 εἶναι
1166 1347 1190 1386 10

45 1447 49 1455 '
138 1437 299 1519 ὀξυτάτην
322 1446 389 1500 τῶν
412 1437 603 1518 αἰσθήσεων
621 1434 677 1499 καὶ
700 1434 942 1520 ἀκριβεστάτην
960 1432 1015 1499 καί
1038 1457 1150 1518 τιμιω-

137 1543 240 1625 τάτην
267 1551 348 1605 πᾶσι
375 1542 560 1625 πρόδηλον,
590 1538 645 1604 καὶ
669 1541 705 1604 τὸ
728 1541 787 1604 τὸν
810 1541 906 1622 ἥλιον
929 1550 996 1604 τῶν
1019 1541 1150 1625 ἀστρων

139 1645 311 1731 ὑπερέχειν
340 1645 463 1711 οὐδένα
490 1645 628 1728 λέληθε,
658 1643 713 1710 καὶ
741 1648 778 1710 τὸ
806 1646 865 1709 τὸν
892 1653 977 1709 νοῦν
1003 1653 1060 1726 τῆς
1088 1655 1150 1723 ψυ-

138 1761 199 1838 χῆς
230 1747 317 1817 εἶναι
352 1750 530 1837 ἐξάρχοντα
567 1751 603 1816 ἐν
635 1762 707 1827 ταῖς
738 1760 867 1826 κοιναῖς
896 1749 1040 1826 ἐννοίαις
1071 1772 1150 1835 προ-

136 1861 327 1944 ειληφαμεν.
374 1858 437 1923 ἀπὸ
471 1858 512 1941 δὴ
544 1859 673 1923 τούτων
700 1858 737 1922 τὸ
769 1855 932 1943 διαφέρον
960 1857 1150 1943 παραδηλοῖ
1162 1875 1187 1916 15

135 1973 193 2049 τῆς
229 1968 350 2049 σοφίας
386 1966 469 2049 πρὸς
505 1965 633 2030 ἅπαντα
669 1965 709 2028 τά
742 1964 941 2050 ἀνθρώπινα
956 1975 959 1980 “
977 1964 1150 2050 πράγματα

136 2074 311 2156 γνωρίμως
333 2070 388 2136 καὶ
412 2071 687 2156 ἐπιστημονικῶς,
715 2072 798 2136 ὥστε
828 2067 973 2155 εὐμαθὲς
1001 2065 1086 2135 εἶναι
1113 2072 1150 2135 τὸ

138 2174 262 2260 ἀληθὲς
287 2175 343 2242 καὶ
371 2178 535 2261 εύληπτον
562 2189 632 2254 τοῖς
662 2177 823 2242 ἀκούουσι
855 2179 892 2242 τὸ
921 2180 1151 2263 κρυπτόμενον

139 2283 175 2348 ἐν
207 2283 337 2367 ἀφανεῖ.
382 2284 465 2368 πρὸς
490 2283 621 2358 τούτοις
653 2286 771 2348 τοίνυν
803 2281 859 2347 καλ
887 2282 951 2354 ἀπὸ
983 2294 1050 2349 τῶν
1081 2285 1151 2347 δια-
1210 2359 1213 2366 ,
1243 2343 1245 2348 ,

138 2399 255 2476 φορῶν
283 2387 422 2455 ἑκάστου
450 2389 470 2472 ἀγ
498 2411 533 2453 τε
561 2390 687 2471 είδησις
715 2397 772 2471 τῆς
796 2390 917 2472 σοφίας
939 2386 994 2453 καὶ
1022 2389 1040 2472 ἡ
1069 2389 1151 2473 πρὸς
1166 2407 1191 2446 ιο
1276 2459 1279 2464 ¹

138 2496 243 2579 αὐτὴν
266 2496 435 2582 προτροπὴ
460 2494 725 2561 ἀναδιδάσκεται.
771 2503 869 2560 τοῦτο
894 2490 955 2577 μὶν
977 2495 1053 2579 γάρ,
1078 2494 1151 2578 είη

58 2615 124 2667 ιιΑ
139 2604 215 2681 όυις
229 2600 594 2686 εκαβολεστάτακαδ
613 2600 928 2666 πολυειδεστάτα
947 2609 1016 2666 τάν
1031 2601 1152 2666 ἀλλᾶν

140 2711 363 2774 αίσδασίων
395 2708 493 2793 ἐντί,
531 2706 586 2773 καὶ
617 2707 638 2793 ἡ
672 2711 774 2793 σοφία
807 2709 890 2773 κατὰ
926 2707 1081 2773 τάαὐτά
1112 2709 1153 2773 τά

139 2815 340 2898 πορρωτάτω
365 2814 571 2898 ἀφεστηκότα
600 2815 645 2891 ὡς
667 2818 815 2900 παρόντα
838 2813 913 2880 νοεῖ
938 2812 994 2880 καὶ
1007 2815 1152 2880 ’πάντων

51 2931 57 2940 ’
139 2929 207 2982 τῶν
231 2919 338 2983 όντων
360 2919 401 2983 τά
430 2921 501 3003 είδη
525 2922 739 3004 περιείληφεν
767 2919 804 2984 ἐν
832 2917 946 3005 ἑαυτῇ·
973 2929 1072 2986 τοῦτο
1104 2919 1151 3004 δέ,
1167 2937 1192 2978 25

141 3026 172 3090 εί
198 3024 216 3089 ὁ
243 3026 335 3100 νόος
365 3024 511 3100 ὕπατος
543 3027 644 3114 λόγω
676 3022 741 3090 καὶ
769 3017 954 3103 διανοίας
985 3028 1026 3091 τὸ
1061 3025 1152 3091 δέον

65 3148 127 3191 441<-
142 3131 383 3217 ἐπικραίνων
410 3127 473 3195 καὶ
506 3131 595 3208 όψις
627 3127 690 3195 καὶ
724 3131 890 3215 δύναμις
917 3141 993 3196 τῶν
1020 3155 1152 3216 τιμιω-

138 3239 265 3303 τάτων
288 3236 487 3322 ὑπάρχων,
511 3236 643 3313 πάντως
659 3237 726 3302 που
747 3235 802 3301 καὶ
825 3237 845 3320 η
870 3240 974 3321 σοφία
997 3238 1153 3315 ὡσαύτως

230 3401 245 3448 3
265 3412 294 3448 τε
314 3396 378 3462 post
391 3390 530 3463 τράφεται
543 3393 712 3482 transposui,
732 3392 808 3461 quod
822 3395 886 3463 post
900 3395 1061 3520 ζωπυρῆται
1068 3396 1150 3521 Ιτμία

139 3466 235 3532 batur3
254 3465 289 3519 τί.
308 3464 389 3536 adp
410 3471 452 3533 18,
472 3467 567 3536 91115
587 3483 654 3520 num
673 3461 829 3533 ἀποδηλοιλ
847 3467 857 3535 ΙΙ
875 3460 943 3520 2δὲ
944 3465 1031 3521 ντίΚ
1068 3461 1154 3536 ἑστίη

180 3671 260 3710 Iam
262 3673 422 3713 1un1Pamo
439 3683 461 3712 τ.
706 3731 708 3738 y
977 3664 993 3711 2
