2670 3932
435 185 710 242 PROTREPTmus
729 190 763 257 (ι.
779 187 864 260 Χῖα).
1095 191 1159 257 115

49 371 128 413 τινα.
144 357 193 439 μὴ
218 351 472 440 ἐπιστρέφου·
499 347 675 434 Ἐρινύες
697 352 770 435 γάρ
796 350 1060 436 μετέρχονται.
1105 353 1161 420 καὶ

142 463 206 547 γάρ
237 468 337 526 τοῦτο
370 461 417 536 εἰς
450 459 656 542 φιλοσοφίαν
689 455 868 544 προτρέπει
898 456 953 524 καὶ
984 461 1047 543 τὴν
1078 463 1161 526 κατὰ

142 579 227 635 νοῦν
247 566 484 651 αὐτοπραγίαυ.
519 564 618 647 δηλοῖ
633 586 668 629 τε
686 562 741 629 καί
759 562 914 648 προλέγει
931 565 969 629 τὸ
988 566 1160 651 σύμβολον

143 677 290 760 ἐναργῶς
313 673 363 738 ὅτι
387 676 589 756 φιλοσοφεῖν
612 669 870 756 ἐπιβαλλόμενος
894 672 1011 758 χῶριζε
1034 674 1160 738 σαυτὸν

51 796 128 836 144A
143 784 277 849 πόντων
300 788 496 863 σωματικῶν
519 776 574 843 καὶ
598 779 781 862 αἰσθητῶν,
804 775 860 844 καὶ
879 779 984 856 όντως
1007 779 1186 845 θανοίτονι

141 887 280 976 μελέτην
312 893 413 951 ποιοῦ
441 881 494 951 ἐπὶ
521 885 561 949 τά
587 885 692 968 νοητά
719 881 773 948 καὶ
801 885 887 951 ἀυλα
914 882 970 950 καὶ
1000 883 1051 951 ἀεὶ
1079 888 1161 952 κατὰ

141 997 271 1063 ταύτά
263 994 351 1062 καῖ’
335 996 492 1073 τοσαύτας
505 997 623 1080 ἔχοντα
638 990 874 1079 ἀμεταστρεπτὶ
889 1004 1007 1081 χωρῶν
1022 994 1077 1058 διὰ
1091 1004 1159 1058 τῶν

141 1105 381 1188 προσηκόντων
411 1101 627 1187 μαθημάτων.
678 1099 847 1183 ἀποδημία
878 1097 940 1185 μέν
967 1102 1031 1187 γάρ
1063 1100 1159 1185 μετοί-

142 1226 255 1287 στασις
278 1212 399 1293 τόπου,
421 1209 570 1284 θάνατος
594 1204 630 1273 ἀὲ
653 1207 671 1273 ὁ
695 1217 752 1292 τῆς
774 1215 882 1293 ψυχῆς
903 1208 1070 1293 χωρισμὸς
1093 1208 1158 1273 ἀπὸ

141 1325 202 1381 τοῦ
225 1317 386 1400 σώματος,
412 1311 510 1392 οὗτος
533 1311 570 1380 δὲ
593 1315 629 1380 τὸ
654 1319 855 1399 φιλοσοφεῖν
878 1315 922 1392 ὡς
945 1314 1081 1398 ἀληθῶς
1103 1311 1158 1380 καὶ
1174 1329 1200 1368 10

141 1425 222 1488 ἀνευ
250 1425 479 1508 αἰσθητηρίων
509 1419 566 1487 καὶ
594 1432 789 1506 σωματικῶν
816 1420 992 1507 ἐνεργειῶν
1019 1426 1158 1508 καθαρῷ

140 1538 185 1616 τῷ
209 1537 257 1618 νῷ
282 1535 428 1613 χρῆσθαι
450 1529 497 1605 εἰς
520 1527 705 1610 κατάληψιν
728 1536 786 1609 τῆς
809 1525 846 1592 ἐν
868 1537 938 1602 τοῖς
959 1521 1057 1591 οὖσιν
1080 1527 1159 1610 ἀλη-

140 1639 251 1717 θείας,
278 1635 362 1719 ίίπερ
390 1631 595 1716 έπέγνωσται
623 1635 726 1716 σοφία
750 1627 844 1696 οὖσα.
890 1637 1091 1716 φιλοσοφεῖν
1115 1634 1157 1716 δὴ

141 1741 399 1824 ἐπιβαλλόμενος
421 1740 465 1824 μὴ
489 1735 690 1823 ἐπιστρέφον
714 1733 797 1822 μηδὲ
820 1736 989 1803 καθέλκου
1013 1739 1096 1825 πρὸς
1118 1739 1158 1803 τά

139 1850 282 1933 πρότερα
305 1844 361 1912 καί
384 1846 421 1911 ἐν
440 1847 629 1930 συντροφία
648 1860 702 1909 σοι
722 1841 956 1910 ἀιατελέσαντα
974 1846 1157 1930 σωματικά·
1173 1858 1199 1899 1⁵

139 1954 295 2038 μετάνοια
318 1955 382 2039 γάρ
407 1952 442 2018 ἐκ
464 1953 586 2019 τούτου
609 1954 714 2035 πολλή
741 1968 796 2017 σοι
818 1949 999 2037 παρέψεται
1022 1951 1158 2036 ἐμποδι-

140 2059 320 2146 ζομένφί
289 2083 304 2124 ε
319 2085 336 2137 ς
353 2061 412 2136 τας
429 2059 533 2144 ὑγιεῖς
550 2061 749 2142 καταλήψεις
771 2058 837 2124 ὑπὸ
861 2067 919 2142 της
940 2056 1016 2146 περὶ
1035 2061 1075 2124 τά
1093 2075 1157 2126 σω-

90 2167 257 2292 ιε,ματικά
272 2165 401 2249 ἀχλύος.
437 2166 499 2248 τὴν
516 2160 553 2230 δὲ
568 2165 746 2249 μετάνοιαν
761 2162 921 2249 Ἐρινὺν
935 2167 1157 2250 μετωνόμασε.

50 2312 125 2353 ³44K
232 2272 277 2336 Τὸ
311 2267 347 2335 δέ
379 2271 476 2353 πρὸς
506 2271 620 2353 ἥλιον
656 2270 925 2355 τετραμμένος
960 2273 1009 2354 μὴ
1046 2271 1159 2356 οόρει

140 2377 248 2443 ἐκεῖνο
285 2373 473 2462 προτρέπει·
515 2372 620 2460 μηδὲν
658 2377 784 2462 ζφῶάες
821 2374 1001 2458 ἐπιβάλλον
1037 2385 1156 2459 ποιεῖν,
1172 2391 1198 2430 20

141 2486 321 2570 φιλοσόφει
350 2479 386 2548 δὲ
413 2484 473 2548 τὸν
497 2481 644 2569 οὐρανὸν
668 2482 757 2568 ὁρῶν
781 2480 836 2548 καὶ
860 2483 920 2547 τὸν
942 2482 1055 2565 ἥλιον,
1084 2491 1157 2567 φῶς

139 2590 177 2656 τέ
203 2607 256 2657 σοι
283 2598 341 2674 τῆς
368 2590 527 2674 ἀληθείας
553 2588 716 2673 ἡγείσθω,
743 2587 799 2655 καὶ
821 2587 984 2674 μηδέποτε
1007 2587 1155 2673 μέμνησο

141 2701 371 2783 ταπεινόφρων
406 2692 491 2762 εἰναι
523 2695 560 2763 ἐν
588 2699 788 2784 φιλοσοφίᾳ,
821 2694 874 2762 ἐπὶ
901 2699 1005 2773 θεοὺς
1033 2691 1070 2760 δὲ
1102 2692 1158 2760 καὶ

54 2825 93 2866 145
100 2823 129 2865 ε.
144 2807 267 2887 σοφίαν
288 2806 343 2868 ὃιά
361 2813 418 2886 της
435 2814 502 2870 τῶν
521 2804 690 2889 οὐρανίων
709 2801 909 2883 ἐπισκέψεως
927 2801 1081 2888 ἀνέρχου,
1102 2801 1157 2867 καὶ

140 2912 324 2996 φιλοσοφίᾳ
356 2909 613 2994 ἐπιβαλλόμενος
644 2908 699 2975 καὶ
726 2918 771 2998 τςῖ
801 2910 837 2976 ἐν
869 2911 953 2994 αὐτη
985 2907 1071 2994 φωτὶ
1099 2917 1196 2994 τῆςῖό

141 3017 300 3100 ἀληθείας
318 3016 492 3101 καθαίρων
511 3017 651 3080 σεαυτὸν
669 3013 725 3081 καί
742 3014 877 3100 τραπεὶς
895 3014 948 3081 ἐπὶ
966 3016 1028 3099 τὴν
1045 3017 1156 3080 τοιαύ-

141 3147 202 3206 την
235 3122 446 3204 ἐπιτηάευσιν
478 3124 659 3205 θεολογίαν
695 3145 730 3186 τε
761 3119 816 3186 καὶ
847 3124 1069 3207 φυσιολογίαν
1100 3119 1157 3186 καὶ

142 3239 329 3313 σφαιρικῶν
357 3227 537 3310 ἐπίγνωσιν
565 3228 770 3311 αἰτιολογίαν
797 3251 832 3292 τε
859 3229 920 3312 τὴν
942 3223 1026 3312 ὑπὲρ
1049 3227 1156 3292 πάντα

140 3344 242 3401 ταῦτα
266 3333 380 3418 μηκέτι
404 3332 532 3421 ζφῶόές
553 3357 585 3399 τι
607 3337 695 3399 ποίει
719 3329 802 3418 μηδὲ
824 3335 1087 3418 βοσκηματῶόες.

213 3499 228 3547 5
243 3493 291 3547 αλ
307 3512 356 3547 ου
326 3486 483 3554 ωςΚεκ
498 3508 594 3562 apogr
610 3491 664 3547 eiz.
679 3494 688 3562 ΙΙ
703 3492 810 3546 20f0r
791 3487 902 3565 ῖ<εἰς>
917 3485 1155 3562 έκεῖνοβῖλίπι-

142 3563 310 3634 σκέψεωςΑ
317 3560 532 3633 ιέπισκηφιως.

958 3652 995 3707 8*

1021 3837 1173 3898 Α
