2674 3932
454 198 726 255 PROTREPTICUS
746 202 780 270 (0.
795 199 879 270 xm).
1131 199 1172 263 67

157 359 213 428 καὶ
245 360 520 446 ἀπογιγνομένων
546 360 602 426 καὶ
634 361 768 444 ἡδονῶν
797 360 852 427 καὶ
880 365 997 448 φόβων
1025 359 1080 427 καὶ
1107 373 1173 427 τῶν

158 470 270 533 ἀλλων
293 467 428 533 πάντων
455 477 523 532 τῶν
550 468 725 534 τοιούτων·
753 471 956 554 χωριζόμενα
985 464 1021 532 δέ
1048 471 1174 552 φρονή-

159 590 242 651 σεως
267 572 324 639 καὶ
350 573 575 658 ἀλλοιούμενα
603 573 678 640 ἀντὶ
710 573 863 658 ἀλλήλων
891 577 1095 658 σκιαγραφία
1123 576 1173 651 τίς

159 679 250 746 ἐστιν
272 680 293 763 η
316 680 452 764 τοιαύτη
476 679 574 766 άρετη
598 679 654 745 καὶ
680 688 727 768 τῷ
751 681 824 746 ὄντι
852 680 1116 764 ἀνδραποδώδης
1137 703 1173 745 τε

159 785 214 851 καὶ
237 783 339 853 οὐδὲν
361 783 453 870 ὑγιὲς
481 782 560 851 οὐδὲ
588 783 712 870 ἀληθὲς
740 789 821 872 ἔχει,
849 788 886 852 τὸ
915 783 952 852 δὲ
980 783 1104 870 ἀληθὲς
1125 795 1199 874 τῷο

160 894 232 958 ὄντι
255 891 325 958 ἐστὶ
348 894 513 978 κάθαρσίς
541 915 592 970 τις
620 904 688 958 τῶν
711 894 874 959 τοιούτων
897 894 1046 975 πάντων,
1073 890 1173 975 καὶὴ

159 1000 364 1086 σωφροσύνη
388 999 444 1065 καὶ
465 999 487 1082 ἡ
511 1001 709 1083 δικαιοσύνη
728 997 784 1065 καί
806 1000 826 1083 η
851 1000 989 1085 ἀνδρεία
1011 997 1067 1064 καὶ
1089 997 1172 1082 αύτὴ

158 1106 179 1189 ἡ
203 1108 366 1191 φρόνησις
389 1106 433 1191 μη
452 1108 625 1191 καθαρμός
642 1129 692 1183 τις
715 1097 745 1191 ᾖ.
786 1103 842 1171 καὶ
862 1107 1100 1172 κινδυνεύουσι
1117 1103 1174 1170 καὶ

159 1213 195 1277 οἱ
218 1215 277 1290 τὰς
302 1213 434 1288 τελετάς
460 1211 541 1296 ἡμῖν
569 1207 663 1277 οὗτοι
689 1214 951 1294 καταστήσαντες
979 1210 1021 1275 ού
1049 1215 1173 1295 φαῦλοι

161 1312 256 1402 εἶναι,
276 1318 359 1383 ἀλλά
373 1325 418 1404 τῷ
434 1320 506 1382 όντι
520 1319 621 1383 πάλαι
635 1318 842 1382 αἰνίττεσθαι
856 1318 906 1383 ὅτι
921 1317 957 1394 ὃς
972 1316 1013 1382 ἀν
1028 1316 1173 1401 ἀμύητος
1187 1335 1213 1376 1⁰

159 1424 179 1508 ἢ
203 1423 375 1500 ἀτέλεστος
394 1427 440 1502 είς
454 1421 573 1489 Ἅιδου
592 1424 759 1508 ἀφίκηται,
783 1424 820 1489 έν
841 1426 996 1511 βορβόρῳ
1019 1427 1173 1506 κείσεται,

161 1529 178 1595 ὁ
203 1527 240 1594 δὲ
262 1528 510 1614 κεκαθαρμένος
537 1527 650 1594 τεκαὶ
677 1527 907 1613 τετελεσμένος
930 1529 1033 1595 ἐκεῖσε
1057 1531 1173 1614 ἀφικό-

161 1635 261 1720 μενός
283 1639 362 1720 μετά
379 1644 470 1702 θεῶν
490 1638 625 1721 οἰκήσει.
666 1635 730 1702 εἰσὶ
753 1638 815 1722 γάρ
841 1637 893 1720 δή,
916 1635 1019 1720 φασὶν
1043 1637 1078 1701 οί
1097 1635 1173 1720 περὶ

160 1743 219 1820 τάς
240 1744 384 1825 τελετάς,
409 1744 675 1827 ναρθηκοφόροι
697 1739 759 1827 μὲν
786 1745 915 1826 πολλοί,
938 1742 1055 1826 βάκχοι
1078 1739 1118 1806 δέ
1137 1765 1173 1806 τε

70 1873 145 1914 ωεΚ.
159 1849 305 1934 παῦροί,
330 1845 423 1915 οὗτοι
447 1847 478 1914 δ’
500 1849 565 1916 είσλ
583 1851 665 1916 κατά
687 1850 749 1934 τὴν
767 1848 850 1934 ἐμὴν
869 1849 970 1928 δόξαν
994 1848 1055 1913 ούκ
1077 1849 1172 1912 άλλοι
1187 1865 1213 1904 1⁵

158 1955 239 2039 ἣοί
263 1958 575 2041 πεφιλοσοφηκότες.
621 1957 653 2020 εί
678 1953 874 2021 τοίνυνκαὶ
901 1955 1021 2042 ἀρετὴν
1043 1958 1173 2020 τελείαν

85 2086 145 2126 ωε.
159 2061 215 2127 καὶ
247 2063 416 2148 κάθαρσιν
446 2072 504 2146 τῆς
536 2071 643 2146 ψυχῆς
679 2064 862 2148 φιλοσοφία
899 2065 984 2146 μόνη
1017 2061 1178 2147 παρέχειν

160 2167 297 2254 πέφυκε,
321 2173 425 2254 μόνης
447 2168 548 2251 αὐτῆς
571 2168 876 2253 ἀντιλαμβάνεσθαι
899 2168 1003 2246 ἀξιον.
1044 2171 1091 2244 εἰς
1108 2171 1177 2254 γάρ

160 2282 251 2341 θεῶν
274 2275 372 2359 γένος
398 2277 443 2360 μη
471 2278 737 2361 φιλοσοφήσαντι
752 2273 820 2338 ’καὶ
843 2279 1010 2350 παντελῶς
1032 2280 1171 2360 καθαρῷ

160 2382 292 2447 ἀπιόντι
320 2383 362 2447 ού
384 2381 482 2466 θέμις
510 2381 725 2466 ἀφικνεῖσθαι
756 2381 845 2466 ἀλλφ
868 2380 889 2463 ἣ
912 2388 958 2467 τῷ
981 2385 1171 2464 φιλομαθεί.
1187 2398 1214 2436 20

160 2489 244 2554 ἀλλά
261 2490 392 2554 τούτων
409 2489 506 2555 ἕνεκα
525 2489 561 2554 οί
581 2488 693 2573 ὀρθῶς
711 2490 892 2572 φιλόσοφοι
911 2485 1087 2571 ἀπέχονται
1104 2498 1173 2552 τῶν

158 2597 241 2660 κατά
263 2597 301 2660 τὸ
326 2607 419 2680 σῶμα
443 2596 632 2680 ἐπιθυμιῶν
656 2594 792 2660 ἀπασῶν
816 2591 870 2658 καὶ
897 2601 1095 2679 καρτεροῦσι
1118 2592 1174 2658 καί

160 2703 202 2768 ού
224 2685 469 2787 παραδιδόασιν
493 2702 606 2779 αύταίς
630 2700 767 2782 αὑτούς,
792 2698 867 2784 οὐχὶ
890 2700 1115 2784 οίκοφθορίαν
1138 2723 1173 2764 τε

159 2807 215 2873 καὶ
237 2812 355 2873 πενίαν
374 2809 590 2892 φοβούμενοι,
615 2808 724 2892 ὥσπερ
745 2807 781 2871 οί
799 2805 918 2875 πολλοὶ
936 2803 992 2870 καὶ
1014 2808 1172 2891 φιλοχρη-

160 2934 270 2999 ματοι·
307 2911 386 2980 οὐδὲ
423 2909 467 2979 αύ
499 2914 633 2998 ἀτιμίαν
663 2937 699 2978 τε
731 2911 785 2978 καὶ
818 2913 956 2990 ἀδοξίαν
988 2916 1173 2999 μοχθηρίας
1187 2931 1212 2970 25

160 3023 316 3104 δεδιότες,
340 3021 450 3106 ὥσπερ
469 3022 505 3086 οί
520 3023 680 3106 φύλαρχοί
694 3042 729 3083 τε
743 3016 797 3082 καὶ
817 3019 853 3082 οί
863 3021 1043 3103 φιλότιμοι,
1063 3021 1172 3084 ἔπειτα

159 3127 336 3214 ἀπέχονται
354 3128 473 3194 αὐτῶν.
505 3127 674 3212 τοιγάρτοι
691 3126 823 3200 τούτοις
841 3120 902 3208 μὲν
917 3124 1040 3189 ἀπασιν
1051 3123 1172 3190 ἐκεῖνοι

160 3227 210 3311 οἷς
232 3258 264 3299 τι
283 3233 373 3320 μέλει
391 3244 449 3317 τῆς
473 3231 600 3299 ἑαυτῶν
619 3239 735 3316 ψυχῆς,
759 3230 842 3295 ἀλλά
861 3230 904 3314 μὴ
925 3231 1050 3314 σώματι
1073 3231 1171 3297 πλάτ-
1302 3253 1305 3263 ’

251 3416 291 3466 18.
311 3428 336 3479 p.
352 3417 394 3479 70,
410 3416 425 3464 9
445 3408 516 3465 plat.
536 3408 676 3463 Phaedon.
696 3425 722 3476 p.
738 3405 913 3460 82B-84B.

159 3522 373 3532 -—--——-·

251 3577 285 3626 23
305 3567 408 3632 αύτούς
421 3572 430 3640 ΙΙ
445 3575 478 3624 28
498 3543 550 3638 δύ’,
570 3567 645 3635 quod
664 3568 693 3621 et
711 3563 826 3636 στόματα
845 3580 905 3618 esse
925 3565 1027 3634 potest.

974 3651 1010 3706 ὁ*
