2674 3932
383 211 657 270 PROTREPTICUS
677 216 710 284 (ο.
726 213 798 268 ΧΙΙΙ.
811 213 897 281 XIV).
1014 291 1021 303 .
1106 213 1147 278 73

134 378 189 446 καί
204 376 318 459 οὐδέν,
337 376 522 460 ἀτιμάσασα
536 385 685 462 πανταχῇ
703 375 859 441 πέτεται
877 378 958 441 κατὰ
973 378 1149 462 Πίνδαρον

134 487 179 550 τά
202 508 241 550 τε
261 494 332 567 γᾶς
350 481 547 568 ὑπένερθε
570 482 634 548 καί
656 485 700 548 τά
720 483 883 549 έπίπεδα
904 493 1149 569 γεωμετροῢσα,

136 593 285 678 οὐρανοῦ
299 613 334 655 τε
348 590 432 674 ὕπερ
449 588 703 675 ἀστρονομοῦσα
722 587 776 655 καὶ
794 600 905 655 πᾶσαν
923 591 1030 674 πάντη
1044 591 1149 674 φύσιν

136 695 346 784 έρευνοομένη
369 706 437 761 τῶν
460 697 569 761 όντων
593 694 732 762 ἑκάστου
761 696 858 780 ὅλου,
887 698 934 774 είς
960 707 1027 761 τῶν
1051 697 1150 781 έγγὺς

137 801 238 871 οὐδὲν
276 803 397 885 ἕαυτην
434 808 663 884 σνγκαθιεϊσα.
719 803 829 888 ὥσπερ
867 804 908 886 δὴ
944 801 1000 868 καί
1037 808 1177 887 Θαλῆνε

137 911 409 997 ἀστρονομοῦντα
440 906 496 974 καί
528 906 757 990 ἀναβλέποντα
788 911 932 974 πεσόντα
965 911 1012 987 είς
1043 908 1150 995 φρέαρ

138 1017 269 1104 Θρᾷττά
300 1039 349 1093 τις
381 1014 520 1099 έμμελης
556 1012 611 1080 καί
643 1017 801 1101 χαρίεσσα
837 1013 1036 1100 θεραπαινὶς
1072 1016 1152 1081 ἀπο-

139 1134 268 1200 σκῶψαι
300 1120 444 1204 λέγεται,
477 1120 521 1196 ὡς
552 1121 593 1184 τά
625 1117 686 1204 μὲν
715 1119 751 1185 έν
780 1121 913 1209 οὐρανῷ
941 1129 1151 1208 προθυμοῖτο

139 1227 280 1310 είδέναι,
309 1229 349 1292 τά
380 1224 416 1292 δδ
444 1228 586 1292 όπισθεν
613 1227 717 1292 αὐτοῦ
745 1226 801 1292 καὶ
824 1230 913 1312 παρὰ
942 1230 1047 1305 πόδας
1074 1233 1153 1293 λαν-

46 1355 124 1396 τιικ.
138 1335 241 1400 θάνοι
271 1333 382 1399 αὐτόν.
426 1333 549 1398 ταύτὸν
577 1329 614 1398 δὲ
644 1333 740 1419 ἀρκεῖ
767 1344 905 1419 σκῶμμα
938 1333 991 1400 έπί
1027 1336 1153 1412 πάντας
1167 1354 1195 1394 ιο

139 1442 213 1508 ὅσοι
241 1440 277 1506 έν
305 1441 490 1526 φιλοσοφία
518 1440 682 1523 διάγουσι.
728 1446 784 1528 τῷ,
802 1442 865 1525 γάρ
900 1442 972 1505 δντι
998 1443 1059 1506 τὸν
1086 1465 1153 1506 τοι-

140 1556 240 1613 οῦτον
264 1546 283 1612 ό
306 1542 367 1631 μέν
389 1547 532 1630 πλησίον
554 1543 610 1610 καὶ
633 1545 651 1611 ὁ
669 1548 789 1629 γείτων
808 1545 963 1629 λέληθεν,
987 1547 1028 1611 οὐ
1047 1551 1153 1630 μόνον

139 1655 157 1720 ό
181 1677 212 1718 τι
235 1654 380 1737 πράττει,
405 1649 476 1718 ἀλλ’
503 1651 620 1735 όλίγου
643 1649 699 1716 καὶ
722 1652 797 1736 <εί>
820 1653 1000 1735 άνθρωπός
1024 1652 1153 1736 έστινίί

139 1783 171 1824 τι
199 1761 280 1826 ἀλλο
307 1757 454 1845 θρέμμα·
485 1761 520 1822 τί
545 1759 587 1841 δή
614 1755 688 1824 ποτ’
719 1756 810 1824 ἐστὶν
838 1760 1018 1844 ἄνθρωπος
1044 1757 1100 1824 καὶ
1122 1763 1157 1824 τί

139 1875 179 1951 τῇ
211 1866 347 1951 τοιαύτη
380 1866 487 1950 φύσει
511 1867 672 1951 προσήκει
705 1863 869 1951 διαφέρον
895 1876 963 1930 τῶν
995 1867 1106 1930 ἀλλων
1134 1865 1198 1950 ἣιι

64 1990 128 2034 εοΑ.
141 1983 251 2038 ποιεῖν
273 1972 293 2056 ἢ
317 1971 470 2055 πάσχειν,
500 1974 589 2055 ζητεῖ
608 1994 643 2036 τε
666 1969 722 2036 καὶ
744 1965 907 2057 πράγματ’
934 1974 1000 2056 ἔχει
1029 1972 1157 2058 διερευ-

106 2071 109 2076 Ᾰ
142 2080 300 2163 νεόμενος.
337 2078 506 2163 τοιγάρτοι
529 2078 597 2164 ίδίηι
621 2101 656 2143 τε
680 2081 943 2162 σνγγιγνόμενος
965 2077 984 2143 ό
1006 2088 1157 2156 τοιοῦτος

143 2184 268 2273 ἑκάστῳ
287 2182 342 2249 καὶ
362 2185 517 2270 δημοσίᾳ,
537 2184 617 2248 ὅταν
636 2183 674 2249 έν
691 2185 892 2272 δικαστηρίῳ
910 2186 932 2266 ἢ
950 2205 1016 2250 που
1034 2186 1158 2251 άλλοθι

144 2291 340 2376 ἀναγκασθῇ
362 2288 437 2376 περὶ
460 2300 527 2354 τῶν
550 2290 639 2375 παρὰ
666 2290 771 2366 πόδας
793 2287 849 2354 καὶ
876 2301 943 2355 τῶν
967 2289 1004 2354 έν
1027 2291 1158 2373 όφθαλ-

143 2407 218 2482 μοῖς
241 2394 467 2480 διαλέγεσθαι,
491 2393 617 2478 γέλωτα
639 2393 774 2480 παρέχει
797 2395 839 2459 οὐ
862 2398 968 2480 μόνον
993 2395 1157 2484 Θρᾴτταις
1171 2417 1199 2456 20

143 2503 226 2569 ἀλλά
256 2500 310 2569 καὶ
337 2509 382 2590 τῷ
411 2504 500 2590 άλλςο
531 2503 634 2598 όχχλῳ,
667 2503 714 2577 είς
744 2500 871 2586 φρέατά
900 2524 936 2566 τε
962 2501 1018 2566 καί
1048 2511 1158 2568 πᾶσαν

143 2610 287 2696 ἀπορίαν
315 2609 484 2698 ἐμπίπτων
515 2608 580 2674 ὑπὸ
614 2607 778 2694 ἀπειρίας,
810 2608 866 2674 καί
893 2607 914 2693 η
942 2608 1157 2694 ἀσχημοσύνη

144 2718 250 2800 δεινή,
274 2715 375 2794 δόξαν
399 2715 595 2802 ἀβελτηρίας
617 2713 837 2801 παρεχομένη.
882 2719 919 2782 ἔν
941 2740 976 2782 τε
999 2719 1064 2802 γάρ
1087 2727 1158 2794 ταῖς

144 2824 328 2909 λοιδορίαις
360 2824 449 2888 ίδιον
477 2824 543 2906 ἔχει
576 2818 677 2886 οὐδὲν
707 2821 831 2888 οὐδένα
864 2825 1032 2910 λοιδορεῖν
1061 2823 1159 2901 αὐτὸς

145 2930 206 2994 οὐκ
230 2931 327 3006 είδδις
349 2929 452 2994 κακὸν
476 2924 577 2992 οὐδὲν
601 2927 741 3005 οὐδενὸς
768 2929 804 2995 έκ
827 2939 888 2994 τοῦ
916 2931 961 3015 μη
984 2937 1157 3016 μεμελετη-
1172 2947 1200 2990 τι

143 3034 251 3102 κέναι·
275 3035 410 3120 ἀπορῶν
433 3029 496 3100 οὖν
519 3037 649 3116 γελοῖος
672 3037 839 3117 φαίνεται·
864 3039 901 3100 έν
918 3060 953 3101 τε
976 3048 1046 3114 τοῖς
1069 3038 1159 3103 έπαί

144 3167 218 3220 νοις
236 3141 291 3208 καί
309 3153 381 3218 ταῖς
394 3153 462 3207 τῶν
477 3143 587 3205 ἄλλων
601 3143 838 3224 μεγαλαυχίαις
857 3142 898 3207 οὐ
916 3145 1158 3228 προσποιήτους,

218 3307 231 3352 1
252 3298 395 3354 distinctio
410 3301 475 3367 posh
490 3291 574 3351 οὐδέν
590 3299 632 3352 est
646 3297 674 3350 in
686 3297 780 3353 codice
795 3300 804 3366 ΙΙ
819 3303 834 3352 3
849 3295 1137 3368 δπεραοτρονομοῦοα

134 3379 161 3426 ’6
177 3367 236 3425 ἀνα
254 3370 391 3443 βλέποντα
408 3376 436 3423 et
450 3375 465 3423 9
478 3367 672 3437 ἕμπροοθενΡ
685 3372 695 3438 ΙΙ
710 3375 742 3423 13
758 3367 786 3423 εί
798 3369 863 3423 exP
877 3371 987 3424 addidit
1000 3371 1024 3424 A
1038 3373 1047 3440 ΙΙ
1063 3378 1095 3426 14
1110 3301 1160 3442 dn'd

145 3442 177 3497 δέ
197 3441 245 3496 ΡΑ
258 3443 267 3511 ΙΙ
282 3435 436 3508 ἅνθρωπος
454 3456 518 3493 cnm
537 3439 642 3495 Cobeto
665 3440 763 3494 malim
781 3442 790 3510 ΙΙ
809 3445 842 3494 17
862 3438 1081 3512 συγγιγνόμενοι·
1098 3444 1158 3497 PA:

145 3510 376 3582 συγγιγνομένους
395 3512 405 3580 ΙΙ
430 3516 462 3566 18
487 3507 595 3582 ἑκάστῳ
616 3509 676 3563 PK:
702 3509 818 3574 ἕκαστος
840 3513 850 3580 ΙΙ
873 3517 907 3565 24
926 3508 1025 3586 αὐτὸς]
1044 3509 1090 3566 ἅτ’
1112 3514 1161 3586 ΡΗ

144 3589 179 3639 27
202 3583 404 3653 προσποιηιοός.
