2674 3932
207 129 251 192 64
614 129 804 186 IAMBLICHI

205 289 347 373 τροφήν·
375 290 424 354 ἐτι
449 285 487 354 δὲ
511 291 553 355 ἀν
574 313 663 369 τινες
684 292 782 357 νόσοι
807 289 1056 377 προσπέσωσιν,
1081 291 1215 377 ἐμποδί-

206 397 320 472 ζουσιν
348 394 443 479 ήμῶν
465 397 527 480 τήν
552 405 614 462 τοῦ
642 398 738 473 ὄντος
766 400 887 483 θήραν.
932 398 1065 483 ἐρώτων
1095 394 1133 463 δὲ
1159 396 1215 463 καὶ

205 499 394 586 ἐπαθυμιῶν
420 500 476 568 καὶ
505 505 622 586 φόβων
650 500 706 567 καὶ
735 504 883 569 είδῶλων
910 505 1132 570 παντοδαπῶν
1159 502 1215 569 καλ
1243 495 1245 501 ’

205 609 371 693 φλυαρίας
402 608 600 692 ἐμπίπλησιν
632 608 731 694 ἡμᾶς,
769 609 852 675 ὥστε
887 611 924 675 τὸ
957 611 1138 694 λεγόμενον
1170 611 1215 688 ὡς

179 712 342 798 οάληθῶς
362 721 408 803 τῷ
431 716 503 779 ὄντι
525 708 709 780 ὑπἀὐτοῦ
732 712 812 781 οὐδὲ
835 723 1003 801 φρονῆσαι
1025 714 1105 800 ἡμίν
1127 715 1214 800 ἐγγί-

205 842 319 902 γνεται
341 816 501 885 οὐδέποτε
523 818 634 886 οὐδέν.
670 819 726 886 καὶ
743 823 807 906 γδιρ
828 820 994 905 πολέμους
1010 819 1066 886 καὶ
1084 823 1214 901 στάσεις

204 923 260 990 καὶ
282 925 386 1009 μάχας
408 921 509 990 οὐδὲν
532 926 613 991 ἀλλο
635 925 770 1011 παρέχει
787 926 808 1010 ή
826 928 863 992 τὸ
888 937 981 1011 σῶμα
1004 924 1059 992 καὶ
1081 927 1119 992 αλ
1137 928 1214 992 τού-

203 1052 263 1094 του
295 1029 478 1115 ἐπιθυμίαι.
525 1031 581 1094 διὰ
611 1033 674 1116 γὰρ
706 1032 767 1115 τήν
796 1041 864 1096 τῶν
894 1033 1071 1116 χρημάτων
1097 1041 1213 1116 κτήσιν

202 1135 323 1213 πάντες
350 1136 386 1200 οί
409 1137 547 1220 πόλεμοι
573 1139 740 1221 γίνονται,
767 1139 809 1201 τὰ
836 1133 873 1202 δέ
899 1141 1048 1222 χρήματα
1071 1137 1213 1220 ἀναγκα-

164 1257 190 1298 10
205 1242 327 1323 ζόμεθα
349 1249 493 1308 κτᾶσθαι
516 1244 571 1307 διδ
595 1244 633 1307 τὸ
657 1253 765 1326 σῶμα,
790 1242 1007 1320 δουλεύοντες
1028 1251 1068 1326 τή
1090 1244 1212 1308 τούτου

201 1350 378 1434 θεραπείᾳ·
402 1347 456 1414 καὶ
479 1348 515 1414 ἐκ
537 1350 658 1414 τούτου
681 1349 840 1432 ἀσχολίαν
863 1349 987 1431 ἄγομεν
1010 1351 1213 1431 φιλοσοφίας

201 1449 277 1538 πέρι
310 1455 365 1519 διά
396 1454 503 1519 πάντα
530 1463 640 1519 ταῦτα.
686 1455 724 1519 τὸ
756 1451 794 1518 δὲ
821 1455 961 1539 ἐσχατον
987 1452 1121 1518 πάντων
1149 1454 1210 1536 ὅτι,

202 1558 260 1624 έάν
288 1583 337 1638 τις
363 1559 442 1644 ήμῑυ
464 1558 520 1625 καὶ
548 1560 649 1644 σχολή
676 1557 811 1644 γένηται
839 1554 894 1624 ἀπ’
921 1559 1025 1624 αὐτοῦ
1050 1557 1107 1624 καὶ
1133 1581 1210 1645 τρα-

201 1667 342 1751 πώμεθα
372 1667 454 1750 πρὸς
484 1667 522 1731 τὸ
550 1677 687 1732 σκοπεῖν
718 1689 766 1750 τι,
797 1665 835 1731 ἐν
866 1674 937 1743 ταῖς
968 1667 1137 1749 ζητήσεσιν
1167 1660 1210 1730 αὖ
1332 1705 1333 1746 χ

162 1787 188 1829 1⁶
201 1781 370 1858 πανταχοῦ
399 1781 609 1857 παραπῖπτον
636 1775 791 1858 θόρυβον
818 1770 952 1857 παρέχει
981 1769 1036 1835 καὶ
1062 1772 1209 1855 ταραχήν
1332 1779 1333 1868 ή

200 1875 256 1944 καὶ
278 1877 456 1960 ἐκπλήττει,
480 1877 563 1942 ὥστε
586 1877 630 1960 μή
655 1876 824 1942 δύνασθαι
845 1871 902 1942 ὑπ’
928 1877 1033 1942 αὐτοῦ
1055 1883 1207 1961 καθορᾶν
1332 1883 1333 1935 λ

199 1980 353 2066 τάληθές,
376 1982 460 2048 ἀλλά
477 1991 522 2070 τςό
542 1984 614 2048 δυτι
631 1981 712 2066 ἡμῖν
731 1981 894 2048 δέδεικται
913 1983 975 2065 ὅτι,
994 1985 1026 2048 εί
1042 1980 1205 2067 μέλλομέν
1219 1986 1293 2080 {2⁶}
1330 1993 1332 1998 '

199 2108 278 2153 ποτε
308 2095 466 2173 καθαρῶς
496 2111 528 2153 τι
561 2093 726 2170 εἴσεσθαι,
759 2087 984 2154 ἀπαλλακτέον
1017 2089 1120 2154 αὐτοῦ
1151 2087 1208 2154 καὶ

200 2194 283 2278 αὐτή
308 2204 348 2280 τή
371 2203 460 2279 ψυχή
483 2191 625 2260 θεατέον
652 2193 736 2259 αὐτὰ
762 2195 802 2259 τὰ
824 2194 1013 2278 πράγματα·
1029 2193 1095 2258 ’καὶ
1122 2196 1206 2278 τότε,

160 2315 187 2354 2⁰
200 2300 244 2377 ὡς
266 2302 388 2382 ἐοικεν,
416 2299 496 2385 ἡμίν
522 2302 614 2366 ἔσται
641 2296 682 2365 οὗ
709 2299 939 2385 έπνθυμοῦμέν
960 2323 996 2364 τε
1018 2302 1077 2364 καί
1096 2323 1207 2384 φαμεν
1330 2335 1331 2338 “

199 2405 332 2490 ἐρασταὶ
355 2401 455 2489 εἶναι,
479 2408 657 2491 φρόνησις,
684 2405 818 2471 ἐπειδὰν
840 2407 1096 2489 τελευτήσωμεν,
1120 2405 1205 2482 ὡςὸ

199 2513 298 2595 λόγος
319 2514 483 2596 σημαίνει,
507 2515 585 2591 ζῶσι
607 2507 645 2576 δὲ
667 2512 718 2577 οὔ.
763 2512 794 2576 εί
819 2511 883 2594 γὰρ
906 2511 949 2593 μή
974 2503 1046 2575 οίόν
1069 2533 1104 2575 τε
1127 2511 1207 2594 μετὰ

198 2626 258 2683 τοῦ
281 2618 431 2701 σώματος
453 2614 558 2702 μηδὲν
581 2623 737 2702 καθαρῶς
757 2626 895 2699 γνῶναι,
919 2618 1017 2682 δυοίν
1037 2618 1077 2681 τά
1100 2615 1205 2700 ἕτερα,
1329 2669 1330 2708 ,

198 2723 219 2808 ή
243 2723 394 2809 οὐδαμοῦ
416 2725 486 2788 ἐστι
511 2725 697 2806 κτήσασθαι
724 2723 761 2788 τὸ
790 2721 913 2788 εἰδέναι
935 2721 956 2806 ή
980 2725 1205 2807 τελευτήσασι·
1329 2723 1330 2750 ³

159 2847 185 2888 ιο
198 2832 271 2895 τότε
300 2831 363 2915 γάρ
392 2829 474 2914 αὐτή
502 2825 583 2894 καθ’
610 2829 714 2913 αὑτήν
741 2830 832 2894 ἔσται
859 2829 880 2913 ἡ
908 2831 996 2914 ψυχή
1023 2827 1124 2915 χωρὶς
1145 2838 1206 2895 τοῦ
1324 2911 1329 2924 .

199 2937 360 3020 σώματος,
382 2937 544 3019 πρότερον
568 2931 605 3000 δὲ
624 2935 673 3000 οὔ.
709 2933 765 3000 καὶ
787 2935 824 3001 ἐν
847 2926 873 3024 ᾧ
897 2933 939 3001 ἀν
963 2939 1077 3019 ζῶμεν,
1101 2933 1206 3013 οὕτως

199 3043 243 3119 ὡς
270 3044 376 3107 ἐοικευ
408 3041 573 3125 ἐγγυτάτω
606 3040 751 3125 ἐσόμεθα
778 3050 838 3106 τοῦ
865 3038 1004 3122 είδέναι,
1037 3039 1096 3105 ἐὰν
1128 3041 1146 3106 ὅ
1172 3063 1206 3106 τι
1328 3091 1329 3109 ι

199 3148 339 3233 μάλιστα
361 3145 466 3232 μηδὲν
485 3146 650 3232 ὁμιλῶμεν
668 3154 713 3234 τῷ
734 3147 858 3230 σώματι
880 3141 963 3229 μηδὲ
980 3157 1204 3232 κοινωνῶμεν,

199 3255 218 3318 ὅ
235 3277 268 3318 τι
285 3255 329 3338 μή
348 3263 436 3319 πᾶσα
454 3253 591 3336 ἀνάγκη,
610 3249 694 3336 μηδὲ
712 3250 996 3334 ἀναπιμπλώμεθα
1008 3259 1066 3335 τῆς
1082 3254 1204 3318 τούτου

289 3485 321 3534 14
339 3498 374 3548 τι,
393 3476 437 3548 ἐν]
455 3481 485 3533 τί
501 3475 533 3533 ἐν
546 3481 556 3547 ΙΙ
570 3480 603 3528 15
621 3474 801 3541 παραπίπτον
815 3473 825 3539 ΙΙ
839 3479 873 3526 23
892 3475 973 3530 δυοῖν
990 3478 1117 3551 θάτερον
1135 3481 1165 3538 Ρ.
