2674 3932
465 205 736 261 Ριιουιιωουιοοε
756 208 789 274 (ε.
804 207 861 276 lv).
1117 201 1167 272 '21

37 379 41 384 ’
156 364 235 452 τέρα
248 366 396 451 γέγονεν.
437 367 552 454 οὐγὰρ
567 369 675 444 ἄλλως
690 369 939 453 διαβιωσόμεθα
958 371 1039 434 κατὰ
1054 371 1169 454 φύσιν,

157 469 198 538 οὗ
221 475 342 550 πάντες
366 475 592 560 διαφερόντως
617 472 789 559 ἐφιέμεθα,
814 473 872 539 ἐδιν
894 476 938 560 μὴ
962 477 1044 542 κατὰ
1067 480 1170 560 λόγον

158 583 262 664 ζῶμεν
284 581 343 644 τὸν
366 587 464 646 θεῖον
490 578 627 646 καὶτὸν
651 580 883 665 ἀνθρώπινον,
916 579 995 646 ούδδ
1019 584 1100 667 ἄλλη
1124 606 1169 668 πη

157 687 458 772 εύδαιμονήσομεν,
491 686 549 752 ἐὰν
577 687 620 770 μὴ
653 688 851 771 κτησώμεθα
884 687 940 752 διά
968 692 1170 772 φιλοσοφίας

156 791 211 858 καὶ
251 795 477 878 θεωρήσωμεν
512 794 574 876 τὴν
609 802 677 857 τῶν
714 795 822 858 όντων
863 797 1040 879 φρόνησιν.
1087 795 1196 877 ἀλληε

156 903 272 966 τοίνυν
292 898 328 964 ἐν
346 900 477 976 τούτοις
494 899 629 982 τοιαύτη
649 902 796 964 νοείσθω
817 899 983 983 σύμμιξις·
1007 899 1044 963 ἐν
1062 898 1169 987 ταύτῷ

155 1007 219 1092 γὰρ
251 1015 427 1092 παρορμᾶν
461 1005 618 1091 ἐπιχειρεῖ
653 1010 700 1082 είς
736 1028 770 1071 τε
806 1006 868 1088 τὴν
900 1008 1084 1090 πρακτικὴν
1115 1003 1170 1070 καὶ

155 1114 365 1199 θεωρητικὴν
389 1117 603 1196 φιλοσοφίαν.
640 1113 682 1176 τὸ
706 1109 767 1196 μὲν
790 1113 853 1197 γάρ
877 1114 1064 1195 κτήσασθαι
1088 1114 1169 1198 φρό-

155 1235 254 1303 νησιν
293 1228 464 1303 ποιητικῆς
504 1222 595 1295 τινός
636 1219 705 1283 ἐστι
746 1216 802 1283 καὶ
825 1227 1017 1303 ,πρακτικῆς
1053 1217 1170 1303 ἀρετῆς
1215 1243 1219 1248 ·

156 1327 267 1409 ἔργον,
291 1319 330 1408 ἧς
352 1323 445 1402 τέλος
469 1325 510 1390 ού
533 1326 570 1390 τὸ
593 1326 740 1390 κατιδεῖν
764 1323 875 1400 ἁπλῶς
898 1323 1057 1406 οὑτωσίν,
1087 1324 1170 1388 ἀλλά
1186 1346 1210 1384 10

155 1433 192 1496 τὸ
221 1435 423 1515 προσλαβεῖν
451 1431 531 1496 αὐτὸ
565 1432 621 1495 διά
651 1441 718 1496 τῶν
747 1430 938 1516 ἐνεργειῶν,
970 1432 1008 1496 τό
1038 1455 1076 1513 γε
1104 1431 1170 1513 μὴν

155 1545 326 1623 θεωρῆσαι
367 1546 427 1602 τοῦ
468 1544 678 1623 θεωρητικοῦ
719 1546 782 1603 νοῦ
829 1534 993 1621 ἐνέργημα
1034 1537 1169 1621 ὑπῆρχε.

155 1646 238 1730 πρὸς
265 1644 436 1729 ἀμφότερα
461 1647 579 1710 τοίνυν
606 1642 626 1726 ἡ
655 1643 826 1728 προτροπὴ
856 1643 999 1716 δεόντως
1022 1640 1169 1724 γέγονεν.

242 1749 332 1816 Ἐπεὶ
355 1753 472 1816 τοίνυν
496 1754 623 1835 μᾶλλον
645 1749 824 1813 τὸκοινόν
846 1738 902 1812 καὶ
926 1749 1093 1813 διατείνου
1117 1747 1170 1813 ἐπὶ

139 1857 339 1942 πάντατῆς
358 1861 479 1943 σοφίας
497 1856 628 1941 ἀγαθὸν
649 1857 870 1938 διαφαίνεται,
890 1854 945 1918 καί
964 1853 1169 1939 ἡπροτροπὴ
1185 1875 1209 1916 15

155 1962 334 2050 τελεωτέρα
361 1965 443 2051 πρὸς
471 1964 551 2029 αὐτὸ
580 1965 728 2047 γίγνεται
757 1963 812 2027 διά
834 1971 902 2026 τῶν
928 1961 1104 2027 τοιούτων·
1133 1960 1170 2025 ‘'o‘c

156 2073 279 2154 σοφία
294 2071 339 2135 οὐ
353 2074 445 2156 περί
459 2093 495 2135 τι
514 2067 793 2155 ἀφωρισμένον
813 2066 894 2135 ἐντὶ
913 2079 989 2134 τῶν
1008 2068 1169 2152 ἐόντων,

76 2195 141 2235 σοις.
157 2169 238 2239 ἀλλ’
256 2173 385 2249 ἁπλῶς
398 2173 487 2258 περὶ
500 2176 625 2240 πάντα
638 2177 683 2238 τδι
702 2174 833 2257 ἐόντα,
852 2171 915 2239 καλ
931 2176 992 2240 δεῖ
1005 2176 1053 2259 μὴ
1068 2175 1170 2260 πρώ-

157 2301 227 2342 ταν
242 2277 365 2341 αύτδιν
378 2280 444 2353 τδις
459 2278 577 2362 ἀρχὰς
591 2279 711 2354 αὑτᾶς
724 2279 977 2365 ἀνευρέσθαι,
993 2280 1089 2347 ἀλλὰ
1103 2283 1170 2358 τάς

75 2404 139 2443 ωε.
159 2383 295 2460 κοινάς
316 2393 392 2448 τῶν
416 2383 575 2449 ἐόντων·
606 2384 707 2448 ούτω
735 2386 807 2469 γὰρ
836 2388 915 2468 ἔχει
939 2389 1059 2470 σοφία
1082 2385 1210 2470 περλιο

155 2489 282 2554 πάντα
306 2491 350 2554 τδι
372 2490 488 2556 ἐόντα
516 2490 565 2567 ὡς
588 2491 678 2568 όψις
704 2486 793 2574 περὶ
821 2489 946 2553 πάντα
973 2491 1017 2553 τὰ
1041 2490 1170 2575 ὁραταί.

154 2597 200 2659 τδι
223 2591 276 2660 ὧν
298 2600 456 2662 καθόλω
484 2605 580 2662 πᾶσι
610 2597 885 2682 συμβεβακότα
914 2593 1079 2660 συνιδδν
1106 2595 1170 2661 καλ

154 2700 308 2788 θεωρδν
350 2713 416 2782 τᾶς
457 2702 602 2790 σοφίας
644 2706 799 2790 οίκῇον,
841 2701 905 2768 καλ
948 2703 1012 2768 δεδι
1052 2713 1170 2768 τοῦτο

155 2812 280 2894 σοφία
304 2811 370 2888 τὰς
401 2822 478 2876 τῶν
510 2811 658 2877 ἐόντων
691 2811 873 2876 ἁπάντων
905 2810 1025 2895 ἀρχὰς
1057 2810 1170 2876 ἀνευ-

156 2915 306 3000 ρίσκει.’
357 2916 457 2982 πόλιν
483 2919 547 3004 γὰρ
580 2917 728 2983 ἐνταῦθα
761 2917 822 2983 οὐκ
854 2917 1004 3003 ἀφορίζει
1036 2920 1115 3003 περί
1139 2941 1170 2982 τι
1185 2935 1212 2975 2⁵

145 3165 186 3230 ,Fl
245 3112 340 3232 ρσὲθκσ
365 3103 383 3162 ἀ
407 3109 494 3177 σοφία
518 3140 553 3149 -
576 3104 748 3179 ἀνευρίσκει]
777 3109 812 3165 cf.
837 3108 992 3164 Perictione
1020 3126 1064 3178 ap.
1093 3110 1169 3164 Stob.

91 3205 93 3210 ·
188 3194 226 3232 or.
310 3218 316 3231 .

244 3344 277 3392 10
292 3340 419 3393 κατιδεῖν
432 3335 485 3410 (τὸ
494 3334 648 3412 ἀγαθδν>λ
662 3339 695 3394 of.
708 3338 800 3393 Schol.
811 3338 819 3410 Η
831 3343 863 3392 16
877 3335 1041 3406 τελειωτὲρα
1051 3339 1060 3410 Η
1071 3343 1104 3392 19
1119 3335 1167 3393 αύ-

152 3409 202 3469 τᾶς
222 3408 279 3478 (vel
298 3404 453 3480 αὐταύτας)
472 3409 584 3466 Vitelli:
605 3406 693 3474 αύτάς
707 3411 716 3479 ll
730 3415 763 3464 22
780 3402 818 3464 ἀν
833 3409 871 3462 K:
886 3399 928 3463 ὧν
939 3409 948 3478 ΙΙ
962 3415 995 3463 22
1014 3408 1043 3464 ελ
1056 3428 1082 3479 p.
1098 3416 1168 3479 22,5

152 3477 235 3621 ραθδ
250 3499 259 3566 ΙΙ
273 3495 471 3572 συμβεβηκότα
490 3500 518 3554 et
532 3505 565 3554 23
581 3497 699 3554 ολκεῖονε
720 3499 828 3555 doricas
848 3497 951 3554 formas
969 3498 1091 3554 servavit
1106 3499 1171 3554 Sto-

172 3583 247 3623 aeus.
