2674 3932
171 234 213 298 70
576 233 768 290 IAMBLIOHI

168 394 225 461 καὶ
247 397 366 472 λύπαις
389 393 511 481 ἑαυτήν
533 395 634 461 πάλιν
652 391 696 462 αὖ
719 395 912 481 έγκαταδελν
935 395 991 462 καὶ
1013 395 1183 481 ἀνήνυτον
1197 419 1272 460 εοιιι.

170 505 271 587 ἔργον
293 504 459 587 πράττειν,
484 505 678 585 Πενελόπης
700 504 775 568 τινά
793 502 952 580 ἐναντίως
975 504 1068 569 ίστὸν
1087 526 1183 588 μετα-

168 607 406 695 χειριζομένης·
435 607 518 675 ἀλλά
545 611 705 692 γαλήνην
721 610 850 675 τούτων
876 609 1182 695 παρασκευάζουσα,

169 713 313 799 ἑπομένη
331 725 377 802 τῷ
397 720 544 802 λογισμῷ
563 713 619 781 καὶ
635 713 687 780 ἀεὶ
706 715 867 802 ἐντούτῳ
888 710 983 799 ούσα,
1001 717 1039 781 τὸ
1059 712 1185 800 ἀληθές

142 819 225 886 ικαὶ
256 823 294 886 τὸ
329 829 428 887 θεῖον
461 819 516 886 καὶ
552 823 589 887 τὸ
626 821 811 902 ἀδόξαστον
843 821 998 907 θεωμένη
1035 821 1091 887 καί
1122 820 1180 888 ὑπ’

170 927 299 993 ἐκείνου
318 927 515 1014 τρεφομένη,
541 932 598 1013 ζήν
615 951 650 993 τε
670 934 773 994 οίεται
792 929 879 994 ούτω
902 929 974 994 δεῖν
993 927 1055 1006 ἔως
1073 927 1115 995 άν
1136 932 1182 1014 ζῇ,

168 1031 224 1099 καί
256 1034 392 1100 ἐπειδάν
423 1036 602 1120 τελευτήσῃ
635 1035 682 1110 είς
717 1035 755 1099 τὸ
791 1031 948 1118 ξυγγενὲς
978 1033 1035 1100 καὶ
1066 1036 1114 1112 είς
1144 1038 1182 1101 τὸ

168 1149 323 1204 τοιοῦτον
364 1138 547 1226 ἀφικομένη
593 1141 803 1226 ἀπηλλάχθαι
844 1152 912 1206 τῶν
955 1137 1183 1227 ἀνθρωπίνων

168 1257 288 1312 κακῶν.
336 1246 372 1311 έκ
403 1248 445 1331 δή
476 1256 534 1331 τῆς
564 1248 720 1331 τοιαύτης
751 1247 878 1331 ἐφόδου
914 1250 1070 1332 φαίνεται
1102 1247 1182 1333 ἡμῖν

129 1374 155 1413 ιο
169 1354 353 1438 φιλοσοφία
380 1353 575 1437 ἀπαλλαγήν
601 1363 668 1419 τῶν
696 1352 922 1439 ἀνθρωπίνων
945 1355 1077 1439 δεσμῶν
1099 1375 1183 1440 παρ-

169 1458 257 1543 ἐχειν
279 1457 334 1523 καὶ
358 1459 456 1524 λύσιν
479 1468 536 1543 τῆς
565 1456 726 1542 γενέσεως
754 1457 810 1525 καὶ
832 1463 1044 1546 περιαγωγήν
1067 1458 1120 1526 ἐπὶ
1143 1463 1181 1525 τὸ

169 1563 210 1630 δν
228 1563 284 1630 καὶ
306 1576 433 1649 γνῶσιν
450 1573 509 1649 τής
532 1566 636 1643 ὅντως
659 1565 819 1650 ἀληθείας
841 1565 897 1632 καὶ
918 1567 1086 1652 κάθαρσιν
1109 1576 1181 1644 ταίς

168 1681 297 1757 ψυχαῖς.
335 1672 367 1737 εί
388 1668 425 1737 δέ
448 1670 485 1737 έν
502 1673 610 1760 τούτῳ
633 1673 775 1754 μάλιστά
798 1672 889 1739 ἐστιν
906 1672 927 1756 ἡ
947 1674 1052 1751 ὅντως
1071 1673 1182 1740 εύδαι-

169 1781 285 1861 μονία,
313 1777 543 1844 σπουδαστέον
565 1776 641 1864 περὶ
665 1779 786 1863 αὐτήν,
814 1785 905 1865 είπερ
934 1781 1039 1857 ὄντως
1062 1782 1181 1864 βουλό·
1323 1763 1326 1802 ⁴

129 1904 155 1945 ιι
168 1891 257 1968 μεθα
279 1885 435 1969 μακάριοι
458 1879 553 1951 εἶναι.
1325 1879 1326 1941 ί

255 1985 352 2056 Ἀλλά
374 1992 440 2075 μήν
463 1988 518 2055 καί
540 1992 617 2057 τόδε
638 1992 864 2075 διανοηθῆναι
887 1991 992 2076 ἀξιον,
1016 1993 1067 2058 δτι
1089 1998 1181 2076 είπερ
1195 2013 1259 2054 su.

107 2135 114 2146 ·
168 2096 189 2179 η
212 2098 302 2181 ψυχή
326 2096 504 2181 ἀθάνατος,
529 2097 713 2182 ἐπιμελείας
737 2100 779 2182 δή
803 2100 909 2163 δεῖται
932 2099 993 2184 οὐχ
1018 2095 1101 2184 ὑπὲρ
1124 2108 1185 2164 τοῦ

168 2205 294 2288 χρόνου
327 2205 434 2288 μόνον
465 2205 588 2270 τούτου
616 2205 653 2270 έν
681 2196 707 2294 ᾦ
738 2210 905 2288 καλοῦμεν
937 2207 973 2270 τὸ
1004 2209 1075 2290 ζῆν,
1108 2202 1181 2270 ἀλλ’

168 2307 252 2395 ὑπὲρ
276 2319 336 2375 τοῦ
359 2312 494 2393 παντός,
522 2310 578 2376 καὶ
601 2311 619 2377 ὁ
642 2312 803 2389 κίνδυνος
825 2320 889 2377 νῦν
913 2313 954 2396 δή
978 2310 1033 2377 καὶ
1057 2311 1184 2390 δόξειεν

129 2436 155 2477 εν
169 2415 211 2481 ἀν
240 2418 351 2494 δεινὸς
376 2412 477 2502 εἶναι,
507 2424 540 2484 εί
562 2443 612 2496 τις
640 2419 741 2503 αὐτῆς
770 2419 934 2504 ἀμελήσει.
981 2421 1012 2484 εί
1037 2416 1184 2503 μὲνγὰρ

168 2519 211 2606 ήν
235 2524 253 2590 ὁ
281 2526 428 2602 θάνατος
454 2533 515 2590 τοῦ
542 2526 666 2601 παντὸς
693 2524 880 2608 ἀπαλλαγή,
908 2523 1047 2609 ἕρμαιον
1075 2524 1117 2590 ἀν
1139 2520 1183 2608 ήν
1197 2545 1276 2587 τοοκ.
1323 2547 1324 2604 η

167 2641 238 2707 τοῖς
269 2641 383 2709 κακοῖς
414 2631 624 2697 ἀποθανοῦσι
652 2639 714 2696 τοῦ
745 2653 780 2696 τε
808 2631 959 2715 σώματος
991 2631 1057 2715 άμα
1084 2630 1184 2716 άπηλ·

169 2737 293 2819 λάχθαι
320 2734 376 2801 καί
403 2745 460 2820 τῆς
492 2736 604 2801 αὑτῶν
631 2737 746 2815 κακίας
776 2737 857 2820 μετδι
885 2745 943 2820 της
969 2747 1090 2822 ψυχῆς·
1119 2747 1185 2803 νῦν

170 2837 208 2906 δὲ
235 2840 347 2925 έπειδή
376 2840 545 2919 ἀθάνατος
576 2845 731 2925 φαίνεται
762 2838 862 2926 οὖσα,
895 2843 1035 2927 οὐδεμία
1062 2842 1104 2909 άν
1133 2849 1184 2928 είη

129 2965 155 3005 ει
170 2945 253 3031 αὐτῇ
276 2947 359 3030 άλλη
384 2945 539 3032 ἀποφυγή
558 2959 669 3013 κακῶν
688 2946 769 3014 οὐδὲ
788 2951 934 3034 σωτηρία
954 2951 1043 3034 πλήν
1061 2959 1121 3016 τοῦ
1140 2950 1185 3028 ὡς

169 3055 344 3138 βελτίστην
366 3077 401 3119 τε
424 3053 479 3119 καὶ
497 3056 755 3140 φρονιμωτάτην
778 3054 947 3141 γενέσθαι.
994 3054 1096 3121 οὐδὲν
1119 3059 1183 3142 γάρ

169 3160 249 3224 άλλο
283 3162 405 3244 ἔχουσα
442 3163 490 3238 είς
517 3159 636 3228 ’Ἅιδου
666 3162 687 3245 η
720 3162 809 3246 ψυχή
843 3164 971 3246 ἔρχεται
1007 3165 1095 3248 πλήν
1127 3172 1185 3247 τῆς

168 3265 321 3342 παιδείας
352 3291 387 3332 τε
418 3266 473 3332 καὶ
504 3277 645 3353 τροφῆς,
678 3266 698 3331 δ
731 3269 772 3351 δή
805 3265 861 3333 καὶ
890 3266 1019 3349 λέγεται
1047 3267 1184 3353 μέγιστα

169 3369 312 3453 ὠφελεῖν
334 3370 355 3455 ή
379 3371 537 3455 βλάπτειν
559 3374 619 3438 τὸν
640 3375 882 3456 τελευτήσαντα
911 3374 1017 3450 εὐθὺς
1040 3373 1077 3440 έν
1099 3373 1183 3460 ἀρχή

261 3599 301 3647 16.
321 3612 347 3662 p.
365 3601 437 3662 71,1
457 3596 529 3648 Plat.
549 3595 691 3653 Phaedon.
710 3614 736 3665 p.
754 3603 804 3653 107
816 3599 907 3654 B-D.
