2674 3932
440 249 713 306 PROTREPTICUS
735 250 768 319 (ο.
784 247 868 318 ΧΙΠ).
1120 246 1162 311 69

146 417 282 495 θυμιῶν
304 410 360 476 καὶ
383 417 498 478 λυπῶν
520 416 672 479 καθόσον
697 411 852 493 δύναται,
881 409 1076 495 λονιζομένη
1100 410 1162 492 ὅτι,

70 533 132 576 σοι.
148 516 284 583 ἐπειδάν
306 541 356 593 τις
375 519 508 603 σφόδρα
526 518 616 604 ησθη
640 517 660 602 ἢ
684 522 819 601 λυπηθη
844 517 863 600 ἢ
888 520 1026 601 φοβηθῇ
1050 515 1070 600 ἢ
1094 516 1163 581 ἐπι-

147 626 295 710 θυμηση,
320 619 421 689 οὐδὲν
444 631 608 690 τοσοῦτον
629 625 732 689 κακὸν
756 625 882 688 ἔπαθεν
905 619 960 688 ἀπ’
984 622 1095 686 αὐτῶν
1118 622 1163 700 ὡς

147 732 189 795 ἀν
216 753 266 806 τις
296 732 445 814 οἰηθείη,
476 723 549 795 οἷον
578 728 598 815 ἣ
627 732 772 813 νοσήσας
800 731 821 813 ἦ
850 753 881 794 τι
910 728 1083 805 ἀναλώσας
1106 729 1163 794 διὰ

147 838 205 913 τὰς
228 835 418 921 ἐπιθυμίας,
437 831 510 901 ἀλλ’
537 836 554 902 ὃ
578 837 713 901 πάντων
737 835 893 920 μέγιστόν
915 860 950 901 τε
974 845 1084 900 κακῶν
1106 834 1189 900 καὶὸ

148 944 287 1026 ἔσχατόν
317 943 401 1026 ἐστι,
435 952 533 1008 τοῦτο
565 944 683 1028 πάσχει
715 941 770 1008 καλ
802 943 843 1008 οὐ
876 945 1036 1025 λογίζεται
1070 941 1162 1023 αὐτό,

148 1048 199 1112 ὅτι
227 1049 268 1131 δη
296 1049 386 1133 ψυχὴ
414 1050 537 1126 παντὸς
567 1048 751 1133 ἀνθρώπου
783 1047 997 1131 ἀναγκάζεται
1030 1048 1096 1132 ἅμα
1128 1071 1163 1112 τε

148 1155 295 1238 ἡσθῆναι
314 1155 446 1240 σφόδρα
469 1154 490 1238 ἣ
514 1161 706 1239 λυπηθῆναι
725 1153 778 1220 ἐπὶ
795 1156 903 1243 τούτῳ
923 1153 978 1220 καὶ
996 1155 1163 1238 ἡγεῖσθαι,

149 1259 225 1342 περὶ
249 1260 266 1325 δ
291 1259 332 1325 διν
355 1261 464 1346 πάσχη
488 1262 628 1345 μάλιστα
656 1269 770 1344 τοῦτο,
798 1270 898 1325 τοῦτο
922 1257 1163 1345 ἐναργέστατόν

56 1384 135 1425 2⁰23·
148 1390 184 1432 τε
207 1361 371 1432 εἶναικαὶ
394 1366 637 1451 ἀληθέστατον,
661 1367 722 1452 οὐχ
746 1367 852 1444 οὕτως
875 1369 963 1451 ἕχον·
995 1375 1098 1431 ταῦτα
1127 1362 1163 1429 δὲ
1179 1384 1205 1423 1⁰

149 1473 290 1557 μάλιστα
318 1473 429 1558 ὁρατά.
476 1473 602 1539 οὐκοῦν
625 1473 662 1539 ἐν
684 1475 791 1561 τούτῳ
819 1482 865 1561 τῷ
893 1474 995 1539 πάθει
1023 1472 1163 1557 μάλιστα

149 1580 338 1644 καταθεῖναι
360 1581 449 1664 ψυχὴ
474 1580 538 1645 ὑπὸ
562 1581 723 1664 σώματος,
748 1579 818 1645 ἐπεὶ
837 1579 955 1662 ἑκάστη
979 1579 1084 1662 ἡδονὴ
1108 1575 1163 1642 καὶ

151 1685 239 1767 λύπη
269 1685 377 1771 ὥσπερ
410 1681 493 1769 ἧλον
526 1687 649 1771 ἔχουσα
679 1689 846 1772 προσηλοῖ
876 1685 981 1768 αὐτὴν
1012 1685 1094 1768 πρὸς
1126 1685 1163 1748 τὸ

151 1801 245 1876 σῶμα
259 1791 314 1856 καὶ
328 1800 540 1879 προσπερονηλ
555 1789 610 1856 καὶ
624 1802 715 1858 ποιεί
727 1792 944 1876 σωματοειδῆ,
959 1790 1163 1869 δοξάζουσαν

149 1905 253 1962 ταῦτα
276 1897 386 1981 ἀληθῆ
410 1892 495 1963 εἶναι
518 1898 601 1982 άπερ
624 1897 666 1963 διν
689 1894 743 1962 καλ
766 1898 803 1961 τὸ
828 1909 921 1981 σῶμα
944 1905 1000 1981 φη.
1043 1896 1078 1962 ἐκ
1100 1898 1163 1981 γὰρ
1179 1913 1204 1955 1⁵

149 2013 211 2069 τοῦ
225 2004 400 2089 ὁμοδοξεῖν
418 2012 463 2091 τῷ
484 2005 611 2089 σάματι
629 2001 773 2080 καὶτοῖς
794 2003 907 2079 αὐτοῖς
920 2004 1049 2088 χαίρειν
1063 2003 1164 2086 ἀναμ-

148 2112 288 2193 κάζεται,
312 2105 415 2194 οἶμαι,
439 2109 624 2194 ὁμότροπός
646 2107 759 2176 τεκαὶ
781 2110 968 2195 ὁμότροφος
986 2113 1165 2194 γίγνεσθαι

149 2215 204 2282 καὶ
228 2218 283 2282 οἵα
306 2215 470 2301 μηδέποτε
494 2218 541 2292 είς
556 2214 674 2281 ’Ἅιδου
693 2222 850 2300 καθαρῶς
873 2215 1065 2300 ἀφικέσθαι,
1090 2213 1161 2280 ἀλλ’

149 2321 201 2388 ἀεὶ
228 2322 376 2389 ἀναπλέα
408 2332 469 2387 τοῦ
496 2323 647 2406 σώματος
674 2320 809 2402 ἐξιέναι,
844 2322 927 2386 ὥστε
954 2324 1037 2405 ταχὺ
1064 2321 1164 2387 πάλιν

148 2433 281 2495 πίπτειν
314 2431 361 2506 είς
388 2431 469 2494 άλλο
502 2439 596 2512 σῶμα
628 2427 683 2494 καὶ
716 2423 825 2512 ὥσπερ
859 2427 1059 2513 σπειρομένη
1091 2429 1162 2512 [μὴ]
1178 2445 1205 2485 2⁰

72 2550 135 2592 ⁸1A-
150 2535 350 2621 ἐμφύεσθαι,
373 2533 429 2600 καὶ
448 2535 484 2600 ἐκ
502 2536 631 2600 τούτων
649 2535 788 2620 ἀμοιρος
807 2528 893 2598 εἶναι
911 2543 968 2617 τῆς
986 2542 1047 2599 τοῦ
1065 2537 1164 2599 θείου

149 2666 183 2708 τε
216 2641 271 2707 καλ
303 2649 458 2727 καθαροῦ
486 2639 540 2706 καὶ
573 2643 771 2726 μονοειδοῦς
798 2643 988 2718 συνουσίας.
1033 2641 1164 2705 τούτων

147 2751 267 2815 τοίνυν
291 2748 387 2814 ἕνεκα
415 2748 451 2812 οί
476 2749 613 2825 δικαίας
634 2754 834 2834 φιλομαθεῖς
860 2750 996 2833 κόσμιοί
1022 2748 1087 2812 είσι
1109 2743 1165 2811 καὶ

149 2855 315 2940 ἀνδρεῖοι,
345 2854 406 2939 οὐχ
434 2848 482 2918 ὧν
505 2854 541 2919 οί
560 2853 679 2920 πολλοὶ
702 2853 798 2920 ἕνεκά
821 2872 934 2940 φασιν,
978 2848 1049 2920 ἀλλ’
1077 2853 1163 2918 οὕτω

149 2957 311 3045 λογίσαιτ’
346 2960 388 3026 ἀν
419 2962 510 3045 ψυχὴ
543 2960 665 3045 ἀνδρὸς
696 2964 904 3045 φιλοσόφον,
941 2959 994 3026 καλ
1028 2961 1090 3025 οὐκ
1122 2959 1163 3024 ἀν
1178 2976 1204 3018 2⁵

150 3069 284 3151 οίηθείη
317 3068 379 3151 τὴν
412 3064 473 3151 μὲν
505 3068 712 3151 φιλοσοφίαν
748 3074 868 3151 χρῆναι
906 3064 1027 3150 ἑαυτὴν
1059 3066 1164 3148 λύειν,

148 3174 297 3258 λυούσης
325 3169 362 3238 δὲ
390 3172 517 3256 ἐκείνης
545 3171 651 3253 αὑτὴν
679 3173 902 3256 παραδιδόναι
928 3182 1000 3248 ταῖς
1026 3171 1165 3253 ἡδοναῖς

148 3317 363 3330 ——-

241 3398 636 3472 1λνπῶνκαλφόβωνΡλΙλ
655 3393 766 3470 ἢτίΙΙδ
785 3396 819 3456 οό
837 3398 1049 3469 λογίζεταιΡΚ·
1069 3400 1164 3452 συλλο-

168 3475 256 3540 ίζεται
269 3476 309 3544 118
330 3469 381 3528 ἐπί
398 3492 435 3544 τῳ
454 3471 476 3524 Ρ
494 3472 514 3597 λέ
522 3479 555 3526 10
574 3472 691 3526 τοιαῦτα
713 3471 746 3526 δὲ
768 3472 834 3556 (non
853 3474 894 3552 τε)
914 3469 1075 3558 Scaligerll
1078 3473 1108 3523 11
1129 3466 1164 3523 τά

150 3542 239 3613 ορατά
263 3542 407 3630 Ηείπδρεδ,
419 3527 432 3610 ss
448 3548 479 3595 12
501 3537 598 3597 ἐὲπελ
599 3539 697 3627 αάστη
705 3538 795 3610 ἡδονὴ
815 3540 979 3611 scripsitK:
999 3535 1075 3596 ἔπλ’
1061 3537 1165 3608 εκάστη

148 3566 239 3685 ἡδονῆ
255 3617 313 3686 1120
332 3611 369 3684 μὴ
389 3614 496 3668 delevit
515 3613 561 3682 ΚΗ
575 3618 609 3667 2⁷
629 3609 732 3684 αὐτὴν]
752 3612 800 3667 sic.
