2670 3932
383 197 654 254 PROTREPTICUS
673 200 708 268 (ο.
723 197 821 252 XVIII.
836 197 921 268 XIX).
1115 198 1157 263 89

146 360 232 446 λέγω
256 362 297 444 δη
321 355 384 426 οὖν
407 360 472 442 ὅτι,
502 361 533 425 εί
553 359 574 443 ἡ
598 359 744 443 σώφρων
767 358 879 442 ἀγαθή
903 357 1009 443 έστιυ,
1039 359 1160 443 ητού-
1285 389 1286 396 ¹

5 491 16 540 ι
58 484 132 526 1⁰8A.
146 471 284 534 ναντίου
315 475 355 552 τῇ
387 468 540 552 σώφρονι
572 472 763 531 πεπονθυῖα
794 469 877 550 κακή
908 453 1012 530 έστιυ·
1049 463 1092 550 ἦν
1124 465 1161 534 δὲ

147 574 229 656 αύτη
253 573 274 657 ἡ
297 574 417 659 δίφρων
441 595 476 637 τε
499 569 554 637 καὶ
577 571 765 649 ἀκόλαστος.
802 572 908 655 πολλη
932 571 1069 656 ἀνάγκη.
1106 572 1162 638 καὶ

147 681 213 765 μὴν
236 680 254 744 ὅ
277 703 315 762 γε
334 679 481 764 σώφρων
498 678 539 742 τὰ
556 681 768 763 προσήκοντα
790 679 929 763 πράττοι
953 675 995 743 άν
1013 677 1068 744 καλ
1086 677 1162 763 περὶ

146 788 250 862 θεοὺς
280 782 335 851 καλ
364 783 578 868 ἀνθρώπους·
612 783 652 848 ού
682 784 744 869 γάρ
777 782 819 848 ἂν
849 795 1025 870 σωφρονοῖ
1049 785 1090 849 τά
1117 785 1188 869 μην

147 895 358 977 προσήκοντα
385 891 545 975 πράττων.
593 887 647 955 καλ
675 891 742 974 μην
769 889 844 975 περὶ
872 887 933 975 μέν
961 890 1164 976 ἀνθρώπους

58 1015 132 1055 262ss
147 1000 187 1063 τά
214 1000 425 1083 προσήκοντα
452 997 605 1083 πράττων
633 997 746 1061 δίκαια
773 995 816 1061 ἀν
839 997 992 1081 πράττοι,
1022 994 1098 1083 περὶ
1126 993 1164 1060 δὲ

147 1107 252 1180 θεοὺς
283 1104 373 1168 ὅσια·
404 1105 465 1169 τὸν
498 1100 535 1167 δέ
567 1103 607 1167 τά
639 1104 751 1169 δίκαια
782 1101 838 1167 καλ
870 1104 946 1168 ὅσια
977 1103 1164 1188 πράττοντα

149 1210 276 1293 ἀνάγκη
300 1210 431 1275 δίκαιον
453 1207 508 1274 καί
532 1210 628 1276 ὅσιον
651 1204 746 1275 εἶναι.
788 1207 843 1274 καλ
871 1206 932 1294 μέν
956 1209 997 1292 δη
1028 1207 1083 1274 καὶ
1107 1208 1163 1274 ἀν-

149 1317 263 1400 δρεῖόν
285 1338 323 1398 γε
347 1314 487 1401 ἀνάγκη·
511 1316 552 1381 ού
575 1317 638 1402 γὰρ
663 1315 704 1398 δη
724 1315 901 1402 σώφρονος
924 1315 1048 1399 ἀνδρός
1072 1315 1162 1380 ἐστιν
1178 1333 1203 1373 10

149 1422 226 1487 ούτε
249 1422 383 1487 διώκειν
411 1423 488 1487 οὔτε
517 1422 656 1506 φεύγειν
680 1420 700 1484 ἃ
728 1423 771 1506 μὴ
799 1423 974 1506 προσήκει,
1003 1421 1086 1487 ἀλλά
1114 1422 1167 1486 δεῖ

149 1526 205 1592 καὶ
232 1529 406 1612 πράγματα
433 1525 489 1591 καὶ
518 1526 720 1610 ἀνθρώπους
746 1524 802 1591 καλ
829 1527 954 1608 ἡδονὰς
981 1525 1037 1591 καὶ
1060 1527 1166 1602 λύπας

150 1633 289 1717 φεύγειν
310 1629 365 1697 καλ
392 1633 540 1714 διώκειν,
572 1629 627 1697 καὶ
650 1629 860 1716 ὑπομένοντα
883 1641 1056 1716 καρτερεῖν
1080 1631 1166 1696 ὅπου

151 1739 210 1802 δεῖ.
257 1738 340 1802 ὥστε
366 1737 472 1820 πολλὴ
496 1736 623 1820 ἀνάγκη
647 1738 707 1801 τὸν
730 1738 906 1824 σώφρονα,
936 1737 1046 1821 ὥσπερ
1075 1737 1166 1820 διήλ·
1232 1771 1236 1779 ·

150 1850 274 1928 θομεν,
304 1845 435 1909 δίκαιον
464 1845 545 1909 ὄντα
567 1841 623 1932 καὶ
651 1843 808 1930 ἀνδρεῖον
831 1841 886 1909 καλ
914 1844 1010 1909 ὅσιον
1034 1842 1166 1927 ἀγαθὸν
1181 1861 1207 1901 1⁵

150 1952 259 2037 ἀνδρα
283 1945 369 2016 εἶναι
392 1949 526 2034 τελέως,
555 1952 615 2015 τὸν
644 1947 680 2016 δὲ
708 1950 840 2034 ἀγαθὸν
864 1944 902 2015 εὖ
924 1973 959 2014 τε
981 1947 1037 2014 καλ
1059 1954 1168 2027 καλῶς

150 2057 306 2140 πράττειν
329 2055 410 2121 δάν
432 2057 570 2142 πράττη,
593 2058 653 2122 τὸν
672 2053 709 2122 δὲ
733 2052 771 2122 εὖ
793 2058 980 2142 πράττοντα
1003 2057 1166 2142 μακάριόν

152 2183 186 2224 τε
214 2159 269 2224 καὶ
297 2160 479 2245 εὐδαίμονα
507 2157 608 2244 εἶναι,
640 2164 699 2227 τὸν
728 2160 765 2227 δέ
796 2164 947 2247 πονηρὸν
974 2160 1028 2227 καλ
1060 2173 1168 2238 κακῶς

95 2251 103 2270 ’
151 2266 337 2352 πράττοντα
361 2267 497 2331 άθλιου·
526 2261 624 2342 οὗτος
652 2267 682 2330 δ’
709 2266 751 2331 δυ
776 2274 825 2350 είη
850 2268 868 2332 ὁ
897 2269 1055 2343 ἐναντίως
1082 2269 1167 2350 ἔχων

151 2379 197 2459 τῷ
222 2372 389 2458 σώφρονι,
413 2372 431 2436 ὁ
455 2371 645 2449 ἀκόλαστος.
691 2375 722 2436 εί
749 2374 791 2455 δη
820 2373 889 2438 ἐστι
917 2381 1021 2437 ταῦτα
1045 2371 1167 2455 ἀληθῆ,
1182 2391 1209 2430 20

150 2481 210 2544 τὸν
238 2481 461 2562 βουλόμενον,
490 2479 535 2554 ώς
561 2480 684 2562 ἔοικεν,
714 2479 897 2564 εὐδαίμονα
927 2473 1013 2542 εἶναι
1037 2494 1167 2562 σωφρο-

153 2586 260 2667 σύνην
284 2581 345 2668 μὲν
365 2583 525 2650 διωκτέον
547 2582 603 2649 καλ
626 2584 799 2668 ἀσκητέον,
825 2585 1007 2650 ἀκολασίαν
1027 2580 1063 2649 δὲ
1087 2607 1168 2668 φευ-

64 2705 138 2746 109Δ-
152 2689 249 2755 κτέου
277 2691 322 2767 ὡς
345 2693 411 2774 ἔχει
438 2691 553 2755 ποδῶν
581 2689 717 2767 ἕκαστος
739 2689 849 2775 ημῶν,
878 2687 934 2754 καλ
961 2705 1169 2776 παρασκευα-

155 2795 251 2860 στέον
275 2796 414 2880 μάλιστα
438 2792 499 2879 μὲν
522 2793 627 2881 μηδὲν
646 2798 780 2862 δεῖσθαι
799 2805 859 2862 τοῦ
877 2797 1086 2879 κολάζεσθαι,
1110 2795 1169 2861 έάν

156 2897 193 2965 δὲ
217 2901 323 2984 δεηθῇ
343 2900 442 2976 αὐτὸς
464 2900 484 2984 ἣ
504 2902 604 2978 ἀλλος
625 2925 675 2979 τις
697 2914 765 2968 τῶν
784 2906 926 2985 οἰκείων,
950 2902 971 2986 ἢ
996 2903 1130 2985 ίδιώτης
1147 2901 1168 2985 δ
1183 2919 1209 2960 25

154 3009 263 3089 πόλις,
292 3004 465 3071 έπιθετέον
494 3007 591 3090 δίκην
613 3007 668 3072 καλ
690 3007 887 3092 κολαστέον,
919 3011 950 3073 εί
978 3006 1089 3092 μέλλει
1116 3007 1169 3072 εύ-

66 3129 140 3170 ιοιιῑ
156 3112 285 3195 δαίμων
321 3104 417 3176 εἶναι.
463 3105 561 3187 οὗτος
597 3113 707 3195 έμοιγε
745 3113 839 3177 δοκεῖ
869 3112 886 3178 ὁ
924 3113 1047 3190 σκοπὸς
1083 3107 1170 3177 εἶναι

155 3218 237 3302 πρὸς
265 3216 305 3281 ὃν
334 3214 500 3312 βλέποντα
528 3217 582 3282 δεῖ
608 3221 680 3302 ζῆν,
712 3215 767 3282 καλ
795 3219 902 3283 πάντα
930 3221 976 3294 είς
1003 3227 1102 3284 τοῦτο
1130 3221 1170 3282 τά

156 3323 259 3388 αὑτοῦ
288 3326 504 3388 συντείνοντα
532 3322 587 3388 καὶ
614 3325 653 3387 τά
683 3333 740 3407 τῆς
763 3327 903 3408 πόλεως,
933 3325 1022 3414 ὅπως
1045 3326 1169 3390 δικαιο-

248 3556 279 3604 11
300 3545 383 3621 ἀλλὰ]
402 3549 441 3605 sio
455 3552 465 3620 Il
480 3555 513 3606 25
532 3546 594 3624 <ἦ>
613 3545 700 3613 αύτὸς
718 3551 763 3620 ΡΙΙ
777 3556 811 3604 29
831 3546 928 3605 αύτοῦ.
