2674 3932
454 190 729 248 Ροοεοοεοιοοο
747 195 841 264 (αν).
1113 193 1156 260 33

140 352 230 441 αὐτῷ
263 353 519 439 κνβερνώμενοι.
572 355 671 438 δηλοῖ
701 353 737 421 δὲ
769 353 823 421 καὶ
851 355 869 422 ό
898 359 1000 441 νόμος
1037 357 1088 422 ὅτι
1120 358 1157 423 τὸ

139 467 295 525 τοιοῦτον
314 463 480 544 βούλεται,
499 469 579 526 πάσι
594 472 663 538 τοῖς
683 462 719 526 ἐν
737 471 777 546 τῇ
795 464 890 527 πόλει
909 461 1076 548 ξύμμαχος
1095 465 1157 529 ὥν·

141 566 197 632 καὶ
219 566 240 650 ή
264 579 331 632 τῶν
353 569 484 633 παίδων
508 567 607 653 ἀρχή,
628 570 666 634 τὸ
690 569 734 653 μή
758 568 817 634 έίιν
835 567 1037 654 ἐλευθέρους
1060 564 1157 652 εἶναι,

142 673 204 751 ἕως
228 672 270 738 άν
293 673 330 738 έν
354 673 467 750 αὐτοῖς
490 674 601 759 ὥσπερ
625 673 661 739 ἐν
684 677 779 740 πόλει
804 677 974 741 πολιτείαν
997 679 1158 758 καταστή-

141 797 263 864 σωμεν,
282 778 338 844 καὶ
356 781 394 845 τὸ
409 779 580 863 βέλτιστον
599 783 867 866 θεραπεύσαντες
884 794 952 848 τῶν
970 780 1048 867 παρ’
1066 781 1185 866 ήμίν,ε

141 887 249 973 τούτῳ
273 885 604 971 ἀντικαταστήσωμεν
628 888 762 972 φύλακα
789 889 907 972 ὅμοιον
930 886 985 954 καλ
1013 889 1158 974 ἀρχοντα

61 1011 128 1054 nox.
142 991 180 1058 έν
202 993 309 1082 αὐτῷ,
337 989 393 1058 καὶ
421 995 494 1060 τότε
523 994 564 1076 δή
589 993 771 1078 ἐλεύθερον
795 994 944 1079 ἀφίεμεν.
992 995 1117 1059 οὐκοῦν
1140 995 1158 1059 ὅ

141 1123 179 1182 με
208 1108 293 1164 νοῦν
322 1101 407 1184 ἔχων
433 1099 542 1163 πάντα
572 1101 613 1164 τά
646 1099 750 1166 αὐτού
780 1102 828 1177 είς
860 1109 958 1166 τοῦτο
988 1101 1159 1180 ξυντείνας

142 1206 313 1289 βιώσεται,
345 1215 480 1291 πρῶτον
508 1202 569 1290 μέν
603 1209 783 1291 μαθήματα
814 1217 919 1291 τιμῶν
947 1206 967 1272 δ
999 1209 1158 1291 τοιαύτην

142 1311 246 1377 αὐτοῦ
268 1313 330 1395 τήν
354 1313 465 1396 ψυχήν
488 1312 722 1402 ἀπεργάσεται,
750 1314 790 1376 τά
814 1309 850 1377 δέ
876 1314 959 1378 ἀλλα
984 1312 1157 1398 ἀτιμάζων,
1174 1335 1199 1374 10

142 1421 253 1483 ἔπειτα
279 1418 341 1501 τήν
368 1427 429 1483 τοῦ
457 1419 608 1503 σώματος
635 1417 705 1497 ἕξιν
736 1417 790 1484 καί
822 1420 953 1504 τροφήν
981 1420 1042 1504 οὐχ
1071 1421 1159 1496 ὅπως

141 1533 181 1609 τῇ
204 1525 368 1609 θηριώδει
391 1523 446 1590 καί
470 1525 579 1612 ἀλόγῳ
603 1525 710 1609 ἡδονῇ
733 1524 909 1612 ἐπιτρέψας
938 1527 1085 1591 ἐνταῦθα
1108 1550 1159 1591 τε-

141 1631 327 1716 τραμμένος
351 1633 450 1714 ζήσει,
474 1628 545 1695 ἀλλ’
569 1627 650 1695 οὐδὲ
672 1632 754 1715 πρὸς
775 1630 893 1715 ὑγείαν
912 1629 1053 1714 βλέπων,
1078 1626 1159 1697 οὐδὲ

141 1747 239 1803 τοῦτο
258 1738 465 1822 πρεσβεύων,
485 1737 574 1813 ὅπως
589 1738 725 1822 ἰσχυρὸς
743 1736 763 1821 ή
783 1736 880 1820 ὑγιής
898 1736 918 1820 ή
937 1738 1037 1813 καλὸς
1055 1739 1157 1820 ἔσται,

143 1843 203 1908 έδν
226 1845 270 1929 μή
293 1841 348 1909 καὶ
372 1845 607 1928 σωφρονήσειν
634 1841 736 1928 μέλλη
768 1840 822 1908 ἀπ’
850 1842 974 1907 αὐτῶν·
1004 1839 1079 1908 ἀλλ’
1107 1840 1157 1908 ἀεὶ
1173 1863 1198 1904 15

142 1951 204 2033 τήν
231 1951 268 2015 έν
295 1956 340 2036 τῷ
372 1950 498 2035 σάματι
530 1949 694 2035 ἁρμονίαν
722 1957 779 2034 τής
808 1948 844 2014 έν
871 1959 911 2035 τῇ
939 1958 1028 2035 ψυχή
1062 1949 1158 2016 ἕνεκα

143 2055 337 2140 ξυμφωνίας
365 2055 608 2143 ἁρμοττόμενος
636 2067 806 2142 φανεῖται,
840 2057 960 2141 ἐάνπερ
988 2055 1089 2144 μέλλη
1118 2066 1157 2143 τῇ

63 2189 66 2194 ·
143 2162 285 2250 ἀληθείᾳ
313 2164 471 2246 μουσικὸς
499 2158 594 2228 εἶναι.
640 2164 766 2228 οὐκοῦν
793 2160 848 2229 καλ
874 2165 936 2247 τήν
959 2163 996 2228 έν
1022 2167 1062 2249 τῇ
1089 2175 1157 2229 τῶν

143 2269 321 2354 χρημάτων
349 2271 461 2353 κτήσει
491 2268 649 2347 σύνταξιν
682 2269 744 2334 οὐκ
776 2271 824 2345 είς
856 2270 995 2353 ἀπειρον
1022 2269 1158 2352 αὐξήσει

67 2394 129 2436 οιΑ.
144 2375 310 2462 ἀπέραντα
339 2377 424 2442 κακά
452 2378 553 2460 ἔχων,
587 2369 658 2439 ἀλλ’
690 2373 888 2456 ἀποβλέπων
917 2377 1000 2458 πρὸς
1031 2376 1093 2458 τήν
1120 2375 1157 2441 ἐν
1172 2399 1198 2438 ιο

144 2481 250 2570 ἑαυτῷ
274 2487 445 2549 πολιτείαν
468 2479 523 2547 καὶ
542 2482 730 2566 φυλάττων,
754 2483 798 2565 μή
817 2504 850 2544 τι
868 2488 1033 2566 παρακινῇ
1054 2480 1158 2547 αὐτοῦ

142 2600 210 2654 τῶν
239 2589 309 2655 ἐκεί
334 2591 391 2654 διὰ
419 2595 550 2674 πλῆθος
577 2589 694 2665 οὐσίας
720 2587 740 2672 ή
770 2584 814 2652 δι’
847 2583 1037 2670 ὀλιγότητα,
1069 2588 1157 2654 οὐτω

144 2700 318 2780 κυβερνῶν
336 2698 524 2782 προσθήσει
539 2693 594 2761 καὶ
613 2695 778 2762 ἀναλώσει
795 2703 853 2780 τῆς
873 2693 989 2771 οὐσίας
1006 2697 1157 2760 καθόσον

61 2823 88 2863 οε
101 2821 130 2860 π
146 2801 188 2866 ἀν
212 2794 282 2878 οἷός
303 2826 348 2868 τε.
389 2803 472 2869 ἀλλά
495 2805 561 2888 μήν
583 2800 638 2868 κοιλ
660 2804 756 2888 τιμάς
783 2827 820 2887 με
852 2805 900 2881 είς
928 2801 1051 2868 ταύτὸν
1078 2801 1157 2867 ἀπο-

143 2905 288 2990 βλέπων
301 2919 368 2975 τῶν
391 2907 452 2994 μὲν
470 2908 606 2994 μεθέξει
634 2907 734 2994 ἑκών,
764 2909 804 2988 ἃς
826 2909 868 2975 ἀν
891 2916 1001 2993 οίηται
1031 2908 1155 2993 ἀμείνω
1171 2929 1197 2970 25

143 3013 247 3080 αὐτὸν
274 3019 442 3100 ποιήσειν,
474 3017 532 3093 τὰς
561 3012 598 3080 δέ
629 3015 784 3101 φεύξεται
816 3017 886 3101 ίδίηι
917 3013 973 3080 καὶ
1001 3016 1156 3101 δημοσίᾳ,

143 3120 182 3199 δς
208 3119 251 3186 ἀν
278 3121 397 3208 ήμήται
424 3124 539 3188 λύσειν
566 3123 628 3206 τήν
657 3122 874 3206 ὑπάρχουσαν
900 3119 978 3198 ἕξιν.
1023 3119 1079 3186 καὶ
1106 3119 1158 3186 ἑνὶ

143 3229 300 3311 δηλονότι
339 3236 385 3317 τῷ
421 3229 528 3292 πάντα
564 3229 604 3292 τά
641 3229 724 3292 ἀλλα
765 3226 1052 3292 ἀνταλλάσσεσθαι
1089 3227 1157 3293 έπι-

141 3338 286 3422 χειρήσει
309 3333 384 3412 ἑνὸς
406 3335 528 3401 τούτου
551 3336 669 3419 μόνον,
691 3341 753 3399 τοῦ
773 3335 940 3418 φρόνησιν
958 3336 1156 3420 κτήσασθαι,

231 3487 325 3547 Βέᾶν
348 3487 518 3579 ἐλευθέρως
539 3491 599 3546 ΡΚ.
622 3483 831 3617 ἀνελεηθέρονς
853 3464 863 3560 fl
886 3496 901 3544 ό
924 3491 962 3580 τρῖ
986 3487 1055 3558 παρ’
1079 3489 1157 3582 ἡμῖν,

142 3559 395 3634 τοιοντιοΡήὸολ
408 3557 542 3618 λλαντου
557 3565 566 3633 ΙΙ
580 3558 727 3626 λίοοςτ
745 3553 912 3634 ηΡήλδ
880 3582 969 3618 αντον
983 3561 1043 3616 ΡΚ
1037 3583 1155 3619 ’.αντον

196 3661 209 3700 1
211 3671 302 3702 nnnnn
304 3662 361 3704 m?
363 3670 479 3702 εεεεεεεε
981 3657 997 3704 3
