2674 3932
180 217 225 282 54
589 214 779 270 IAMBLICHI

181 379 222 444 οὐ
244 379 308 463 γὰρ
328 378 436 461 δηπου
456 374 508 442 ἐπὶ
527 373 588 460 μέν
607 377 810 462 ἀνθρώπους
828 375 1054 462 μιμουμένους
1071 378 1194 462 γύναια

180 481 235 549 καί
266 484 424 567 δούλους,
455 485 534 560 τοὺς
562 480 599 548 δὲ
626 482 834 568 μαχομένους
865 481 920 547 καὶ
952 481 1109 565 θέοντας,
1143 485 1198 549 δεῖ

180 590 385 675 πορεύεσθαι
403 590 484 674 μετὰ
502 593 625 672 πολλῆς
645 590 793 674 σπουδῆς
811 587 908 654 ἕνεκα
924 597 984 654 τοῦ
1002 589 1195 655 θεάσασθαι

180 695 317 778 αὐτούς,
344 696 406 779 την
434 691 472 760 δέ
499 704 567 759 τῶν
595 696 702 760 ὄντων
730 695 835 779 φύσιν
858 692 914 760 καὶ
942 696 1003 779 την
1031 693 1195 779 ἀληθειαν

153 801 243 867 οούκ
266 805 399 867 οἴεσθαι
423 802 495 866 δεῖν
517 806 661 886 θεωρεῖν
684 800 810 885 ἀμισθί.
853 800 940 866 οὕτω
964 796 1025 885 μὲν
1045 795 1107 866 οὖν
1130 800 1194 867 ἀπὸ

179 916 240 972 τοῦ
258 910 467 992 βουλήματος
481 917 538 991 τῆς
556 907 691 992 φύσεως
709 904 857 983 ἐπιόντες
874 905 1124 992 προετρέψαμεν
1142 904 1195 972 ἐπὶ

179 1014 216 1078 τὸ
245 1023 386 1098 φρονεῖν
414 1013 459 1090 ὡς
485 1011 539 1078 έπὶ
566 1012 698 1095 ἀγαθόν
724 1035 760 1076 τε
787 1011 938 1097 ὑπάρχον
964 1009 1019 1076 καί
1043 1007 1087 1076 δι’
1114 1012 1194 1078 αὑτὸ

179 1120 304 1202 τίμιον,
338 1117 401 1184 κᾶν
428 1116 533 1203 μηδὲν
561 1113 617 1182 ἀπ’
649 1117 754 1182 αὐτοῦ
780 1119 943 1204 χρήσιμον
970 1119 1124 1201 γίγνηται
1151 1119 1196 1196 ὡς

180 1225 263 1308 πρὸς
284 1224 344 1289 τὸν
367 1223 585 1308 ἀνθρώπινον
608 1226 693 1306 βίον.
967 1229 970 1234 ’

141 1350 168 1389 ιο
271 1329 309 1397 X.
343 1327 441 1394 Ἀλλδ
468 1330 534 1412 μην
562 1329 613 1393 ὅτι
637 1351 675 1411 γε
697 1325 753 1393 καὶ
776 1328 937 1413 ὠφελείας
959 1330 1017 1405 τδις
1039 1332 1193 1413 μεγίστας
1207 1348 1283 1389 ιεικ.

179 1435 260 1519 ημῖν
278 1436 362 1521 πρὸς
379 1435 439 1499 τὸν
458 1435 677 1520 ἀνθρώπινον
691 1436 768 1517 βίον
781 1432 956 1519 παρέχεται
969 1434 990 1517 ἡ
1004 1436 1191 1520 θεωρητικὴ

180 1543 355 1626 φρόνησις,
377 1539 509 1626 εὑρήσει
527 1562 577 1617 τις
596 1539 720 1626 ῥᾳδίως
738 1539 802 1604 ἀπὸ
820 1549 888 1604 τῶν
906 1550 1040 1625 τεχνῶν.
1082 1541 1191 1627 ὥσπερ
1206 1560 1268 1601 ωε,

179 1649 243 1732 γὰρ
266 1658 334 1713 τῶν
363 1648 486 1734 ἰατρῶν
515 1647 589 1712 ὅσοι
617 1643 740 1730 κομψοὶ
767 1643 823 1710 καὶ
849 1654 916 1710 τῶν
943 1644 1020 1732 περὶ
1045 1647 1108 1730 την
1136 1670 1194 1729 γυ-

180 1755 363 1839 μναστικην
380 1755 416 1819 οί
426 1758 576 1819 πλεῖστοι
594 1753 714 1838 σχεδὸν
733 1751 957 1836 ὁμολογοῦσιν
976 1753 1027 1817 ὅτι
1046 1754 1100 1817 δεῖ
1114 1755 1193 1829 τοὺς

141 1877 166 1917 1⁵
180 1858 361 1943 μέλλοντας
393 1858 545 1943 ἀγαθοὺς
582 1860 717 1944 ἰατροὺς
749 1860 885 1922 ἔσεσθαι
917 1855 972 1922 καὶ
1004 1859 1194 1942 γυμναστὰς

178 1962 256 2050 περὶ
279 1967 412 2048 φύσεως
434 1963 610 2049 ἐμπείρους
633 1957 729 2045 εἶναι,
754 1962 841 2028 οὕτω
864 1960 918 2028 καὶ
941 1966 1021 2041 τοὺς
1043 1963 1194 2048 ἀγαθοὺς

179 2067 367 2153 νομοθέτας
390 2068 566 2154 ἐμπείρους
588 2063 675 2134 εἶναι
698 2070 752 2133 δεῖ
772 2077 829 2152 της
852 2068 1000 2154 φύσεως,
1029 2067 1085 2134 καὶ
1107 2071 1193 2134 πολύ

179 2199 217 2259 γε
249 2179 376 2260 μᾶλλον
413 2173 558 2240 ἐκείνων.
605 2176 641 2239 οί
674 2171 736 2259 μὲν
767 2177 830 2259 γδιρ
863 2183 920 2258 τῆς
951 2184 1011 2240 τοῦ
1044 2176 1194 2260 σώματος

180 2279 298 2364 ἀρετῆς
331 2282 394 2346 είσι
423 2278 621 2366 δημιουργοί
653 2283 774 2365 μόνον,
807 2281 843 2345 οί
873 2277 909 2346 δὲ
941 2278 1016 2364 περὶ
1047 2281 1105 2357 τὰς
1135 2290 1194 2365 τῆς

140 2406 167 2445 20
180 2395 288 2471 ψυχῆς
312 2385 428 2473 ἀρετὰς
450 2388 545 2463 ὄντες
566 2385 622 2452 καὶ
650 2384 726 2470 περὶ
748 2390 875 2463 πόλεως
902 2386 1115 2470 εὐδαιμονίας
1138 2384 1194 2450 καὶ

180 2494 439 2577 κακοδαιμονίας
454 2490 601 2571 διδάξειν
613 2492 897 2577 προσποιούμενοι
910 2495 997 2557 πολὺ
1010 2492 1050 2575 δη
1066 2497 1192 2576 μᾶλλον

179 2598 402 2680 προσδέονται
421 2600 633 2682 φιλοσοφίας.
672 2597 824 2683 καθάπερ
842 2599 905 2683 γὰρ
929 2597 966 2663 έν
983 2607 1056 2674 ταῖς
1078 2598 1194 2674 ἄλλαις

180 2702 312 2789 τέχναις
337 2713 409 2780 ταῖς
437 2704 689 2788 δημιουργικαῖς
716 2702 779 2768 ἀπὸ
811 2712 868 2786 τῆς
898 2704 1031 2788 φύσεως
1058 2703 1193 2790 εὕρηται

181 2811 222 2873 τδι
244 2807 397 2891 βέλτιστα
420 2819 487 2873 τῶν
511 2808 680 2894 ὀργάνων,
710 2801 784 2874 οἷον
807 2809 844 2875 έν
867 2817 1037 2894 τεκτονικῇ
1060 2809 1191 2894 στάθμη

140 2932 167 2973 2⁵
180 2912 236 2980 καὶ
250 2915 362 2980 κανὼν
380 2913 435 2980 καὶ
452 2917 572 3000 πόρνος
585 2916 609 2997 †
622 2917 662 2980 τδι
681 2911 741 3000 μὲν
759 2915 857 2981 ὕδατι
874 2914 930 2981 καὶ
949 2915 1035 3002 φωτὶ
1048 2913 1103 2980 καὶ
1121 2926 1193 2992 ταῖς

181 3021 299 3105 αὐγαῖς
320 3032 388 3086 τῶν
411 3021 556 3086 ἀκτίνων
579 3019 792 3106 ληφθέντων,
813 3024 895 3108 πρὸς
918 3020 939 3086 ἃ
960 3024 1132 3108 κρίνοντες
1153 3023 1191 3086 τὸ

180 3129 263 3192 κατὰ
284 3128 346 3211 την
374 3132 535 3211 αἴσθησιν
564 3127 684 3205 ίκανῶς
707 3127 793 3193 εὐθὺ
820 3125 876 3192 καί
906 3132 997 3194 λεῖον
1019 3129 1192 3210 βασανίζο-
1317 3179 1318 3197 ι

181 3243 394 3254 ——.-——

254 3291 268 3337 1
287 3281 375 3355 (τούς
414 3281 466 3355 ὲν)
483 3302 598 3353 μιμοομ.
616 3283 698 3352 Rosa,
717 3286 748 3338 at
764 3302 791 3339 v.
808 3283 919 3352 sauppe
938 3283 975 3337 ad
993 3281 1063 3338 Plat.
1079 3283 1194 3352 Protag.

181 3372 208 3422 p.
224 3359 275 3408 330
285 3352 318 3408 A.
350 3353 395 3407 Va
427 3370 462 3438 ορ
480 3354 516 3408 ad
533 3357 581 3436 'An
595 3353 674 3409 Poet.
691 3350 782 3437 1447)),
798 3356 887 3434 14·(μ.
902 3354 960 3422 91³)
974 3357 983 3425 ΙΙ
999 3359 1014 3408 7
1032 3349 1149 3438 ἀγαθόν
1166 3373 1194 3407 τι
1315 3411 1316 3438 ρ

182 3440 233 3476 ser.
253 3423 278 3476 K
300 3424 309 3491 ΙΙ
332 3429 365 3478 21
385 3423 512 3488 διδαξειν
530 3440 561 3476 ιω
579 3439 681 3494 marg„
703 3421 820 3488 έπαξειν
838 3440 867 3476 m
885 3426 965 3478 textu
987 3426 997 3493 11
1019 3428 1054 3478 25
1072 3444 1107 3479 τα
1126 3421 1191 3494 μὲν]
1315 3441 1316 3450 ’

181 3485 317 3573 (Ma),
338 3489 387 3548 ένῖ
406 3492 518 3546 Vitelli:
538 3490 597 3562 [τὰ]
614 3489 644 3546 έν
658 3492 735 3546 Diels
749 3495 758 3561 ΙΙ
772 3498 805 3547 26
824 3494 973 3561 ληφθέντα
988 3494 1109 3549 coniecit
1122 3494 1194 3548 veri·
1315 3479 1316 3509 ί

181 3561 310 3616 s1mil1ter
327 3563 362 3630 Κ,
381 3563 495 3630 scripsit
512 3565 608 3617 autem
625 3563 799 3630 ληφθεισῶν.
