2670 3932
425 235 701 293 PROTREPTICUS
720 240 755 306 (ο.
769 237 839 306 XX).
1078 237 1140 303 101

124 400 286 485 θρώπους
308 407 354 487 τῷ
377 400 518 486 τοιούτῳ
541 398 644 483 φύντι
666 401 846 484 πολεμίους
874 396 1142 478 κατασταθέντας

127 507 183 572 διὰ
204 506 266 590 τὴν
294 503 421 571 ἑαυτῶν
445 505 621 590 εὐνομίαν,
648 502 705 570 καὶ
731 506 769 570 τὸ
797 509 928 589 πλῆθος
955 502 975 589 ἢ
998 503 1141 592 τέχνγῆ

36 631 110 673 ιειεΜ
125 611 266 697 δυνάμει
293 608 544 698 ὑπερβαλέσθαι
572 610 615 677 ἀν
641 609 697 676 καὶ
724 609 961 698 περιγενέσθαι
988 619 1050 677 τοῦ
1075 635 1142 676 τοι·

126 718 229 784 ούτου
260 717 391 803 ἀνδρός,
438 717 526 784 οὕτω
554 719 708 802 φαίνεται
738 715 795 783 καὶ
827 717 908 783 αὐτὸ
940 717 978 783 τὸ
1010 716 1140 801 κράτος,

126 825 207 911 ὅπερ
231 825 273 908 δὴ
296 824 416 909 κράτος
439 823 523 907 ἐστί,
552 824 609 889 διά
635 846 671 890 τε
698 831 760 890 τοῦ
786 826 895 909 νόμον
923 821 980 890 καὶ
1003 824 1060 888 διά
1081 824 1168 907 τὴνε

127 932 225 1014 δίκην
258 933 457 1018 σῳζόμενον.
503 927 604 1016 χωρὶς
636 927 674 996 δὲ
706 930 835 996 τούτων
869 930 950 996 αὐτὸ
983 924 1029 995 δι’
1061 928 1142 995 αὐτὸ

128 1037 263 1121 αίρετόν
286 1035 357 1102 ἐστι
378 1037 416 1103 τὸ
441 1037 587 1120 δίκαιον,
616 1034 672 1101 καὶ
700 1037 801 1120 φύσει
828 1038 911 1122 πρὸς
933 1035 1014 1101 αὐτὸ
1037 1034 1143 1120 πεφύ-

125 1166 237 1228 καμεν.
280 1141 343 1208 κάν
366 1139 472 1227 μηδὲν
496 1137 559 1209 οὐν
582 1151 650 1208 τῶν
674 1140 801 1220 ἔξωθεν
824 1143 1056 1229 περιγίγνηται
1079 1139 1142 1207 κάν

125 1247 335 1332 ἐλαττώματά
357 1273 434 1315 τινα
457 1252 625 1336 συμβαίνῃ
649 1248 864 1334 ἀνθρώπινα,
891 1250 1143 1335 δικαιοπραγεῖν

126 1354 231 1438 ἀξιον,
256 1354 300 1433 ὡς
322 1357 445 1422 τούτου
468 1357 565 1434 ὄντος
586 1364 667 1422 πᾶσι
689 1357 898 1439 τιμιωτάτου.
1158 1373 1183 1412 1⁰

215 1465 353 1528 Μαθεῖν
373 1461 410 1529 δὲ
432 1462 528 1540 ἀξιον
550 1460 731 1528 καὶταῦτα
753 1459 828 1546 περὶ
850 1470 908 1545 τῆς
928 1461 1086 1546 εὐνομίας
1108 1483 1144 1525 τε

126 1565 180 1631 καλ
208 1566 362 1652 ἀνομίας,
391 1568 473 1633 ὅσον
501 1566 700 1654 διαφέρετον
726 1567 899 1650 ἀλλήλοιν,
927 1564 982 1632 καὶ
1010 1562 1145 1650 ὅτιμὲν

127 1671 267 1757 εὐνομία
289 1674 427 1759 ἀριστον
451 1680 500 1757 είιχ
524 1671 580 1738 καί
603 1681 698 1759 κοινῇ
721 1671 776 1739 καὶ
805 1675 889 1760 ἰδίᾳ,
917 1671 937 1755 ἡ
961 1671 1083 1756 ἀνομία
1107 1667 1145 1736 δὲ

36 1797 111 1841 εειΚ.
126 1779 298 1844 κάκιστον·
322 1779 360 1844 αί
380 1781 444 1866 γὰρ
467 1788 666 1866 παραχρῆμα
689 1779 810 1864 βλάβαι
831 1781 1005 1863 γώινονται
1028 1776 1065 1844 ἐκ
1087 1785 1145 1861 τῆς

127 1884 274 1970 ἀνομίας.
320 1885 498 1972 ἀρξώμεθα
522 1884 559 1952 δὲ
581 1887 621 1951 τά
644 1894 702 1969 τῆς
724 1884 881 1971 εὐνομίας
900 1886 1037 1969 δηλοῦν,
1061 1884 1144 1968 άπερ
1159 1902 1184 1942 15

129 1995 277 2075 γίγνεται
300 1995 454 2079 πρότερα.

218 2102 335 2175 Πίστις
358 2095 420 2183 μὲν
442 2099 556 2185 πρώτη
576 2097 762 2182 ἐγγίγνεται
781 2097 817 2163 ἐκ
834 2107 892 2182 τῆς
910 2097 1068 2184 εὐνομίας
1090 2120 1145 2182 με-

128 2203 212 2287 γάλα
236 2203 414 2287 ὠφελοῦσα
436 2207 514 2279 τοὺς
537 2201 740 2288 ἀνθρώπους
761 2207 840 2282 τοὺς
863 2206 1067 2288 σύμπαντας,
1089 2201 1145 2267 καὶ

128 2319 195 2373 τῶν
219 2309 371 2392 μεγάλων
394 2308 534 2391 ἀγαθῶν
556 2310 655 2374 τοῦτό
679 2307 761 2374 ἐστι·
788 2311 885 2375 κοινά
913 2310 977 2394 γάρ
1003 2309 1044 2373 τά
1068 2310 1145 2393 χρύ-

128 2438 214 2502 ματα
237 2417 385 2500 γίγνεται
408 2414 442 2495 ἐξ
470 2414 583 2500 αὐτῆς,
611 2413 666 2480 καὶ
690 2414 776 2480 οὕτω
801 2412 862 2500 μὲν
890 2414 949 2481 ἐὰν
970 2412 1026 2480 καὶ
1049 2413 1146 2498 ὀλίγα
1159 2433 1185 2473 ιο

129 2515 150 2608 ᾖ
173 2522 304 2609 ἐξαρκεῖ
324 2523 413 2608 ὅμως
435 2521 660 2606 κυκλούμενα,
690 2523 770 2588 ἀνευ
799 2518 837 2587 δὲ
858 2522 980 2605 ταύτης
1003 2515 1078 2586 οὐδ’
1104 2518 1146 2585 ἀν

128 2631 235 2694 πολλά
257 2621 278 2715 ᾖ
301 2628 439 2714 ἐξαρκεῖ.

38 2752 114 2795 ιιια
217 2734 284 2800 Καὶ
308 2737 345 2800 αί
364 2737 460 2822 τύχαι
484 2731 522 2800 δὲ
540 2735 577 2799 αί
593 2736 640 2811 είς
660 2735 700 2799 τά
722 2738 872 2820 χρήματα
897 2731 953 2800 καί
975 2735 1034 2799 τὸν
1057 2735 1145 2818 βίον,

129 2842 221 2906 αἵτε
244 2839 371 2925 ἀγαθαὶ
394 2840 449 2906 καὶ
467 2843 522 2926 μή,
547 2839 583 2906 ἐκ
604 2849 663 2924 τῆς
681 2841 838 2924 εὐνομίας
859 2851 930 2918 τοῖς
953 2840 1146 2928 ἀνθρώποις

128 2947 394 3033 προσφορώτατα
416 2951 656 3031 κυβερνῶνται·
679 2947 758 3023 τούς
780 2969 815 3011 τε
838 2948 901 3032 γάρ
924 2948 1146 3031 εὐτυχοῦντας
1159 2965 1185 3005 25

129 3054 276 3138 ἀσφαλεῖ
295 3053 378 3137 αὐτῇ
400 3059 547 3139 χρῆσθαι
570 3050 626 3117 καὶ
647 3050 925 3140 άνεπιβουλεύτῳ,
948 3053 1027 3130 τούς
1044 3074 1079 3117 τε
1102 3047 1146 3117 αὖ

130 3163 378 3246 δυστυχοῦντας
401 3159 652 3243 ἐπικουρεῖσθαι
680 3156 716 3223 ἐκ
742 3167 810 3222 τῶν
833 3157 1064 3242 εὐτυχούντων
1090 3158 1146 3223 διά

128 3268 189 3350 τὴν
218 3265 384 3352 ἐπιμιξίαν
411 3287 446 3332 τε
474 3263 529 3331 καὶ
556 3267 684 3346 πίστιν,
717 3263 800 3351 άπερ
833 3263 869 3330 ἐκ
901 3273 960 3348 τῆς
989 3264 1146 3350 εὐνομίας

129 3377 286 3456 γίγνεται.

217 3536 233 3584 9
253 3521 384 3600 συμβάλῃ
403 3533 436 3582 12
454 3545 522 3583 num
545 3523 588 3584 ὅτι
607 3523 669 3602 <ἡ>
691 3525 744 3598 μὲν
764 3527 865 3583 deletis
889 3545 954 3583 mox
979 3523 1097 3598 εὐνομία
1117 3531 1146 3584 et

129 3596 252 3671 άνυμίαλ
266 3601 276 3669 ΙΙ
292 3606 324 3655 17
335 3617 395 3668 sqq.
416 3601 451 3655 do
469 3599 593 3656 numeris
612 3601 642 3655 in
662 3600 757 3656 codice
776 3599 907 3669 praefixis
924 3617 950 3655 v.
970 3600 1088 3667 praefass.
