2670 3932
442 207 717 266 PROTREPTICUS
736 212 771 280 (ι.
787 210 871 279 xx1).
1102 210 1165 275 123

151 377 273 460 σοφίας
294 371 499 460 ἡμεροειδές,
523 372 607 438 ἀλλὰ
629 372 736 437 πάντα
759 373 799 436 τὰ
821 380 882 438 τοῦ
904 373 1013 438 ὕπνου
1037 373 1166 440 ἐκείνου

12 501 16 528 ‘=
152 487 227 567 ἴχνη
251 487 309 563 τῆς
326 480 457 564 μνήμης
474 486 532 562 τῆς
551 487 695 544 σεαυτοῦ
712 477 890 562 έκκάθαιρε
911 477 966 544 καὶ
985 478 1166 564 έξαφάνιζε.

59 564 136 682 mg
243 588 288 651 To
312 582 350 652 δὲ
372 586 541 671 καρδίαν
570 585 619 669 μὴ
642 595 765 669 τρῶγε
789 587 943 669 σημαίνει
964 586 1002 650 τὸ
1026 587 1070 670 μὴ
1095 587 1166 652 δεῖν
1206 623 1208 628 ·

131 673 210 777 Ιτὴν
236 691 358 758 ἕνωσιν
384 700 446 757 τοῦ
474 692 596 768 παντὸς
624 688 679 756 καὶ
707 690 770 774 τὴν
793 692 982 776 σύμπνοιαν
1011 692 1166 773 διασπᾶν,

59 817 134 860 τινα
148 798 204 864 καὶ
218 802 265 865 ἔτι
279 803 407 883 μᾶλλον
419 799 458 863 ’τὸ
474 797 518 882 μὴ
534 801 607 862 ίσθι
626 797 802 880 βάσκανος,
823 796 906 862 ἀλλα
924 797 1193 884 φιλοίνθρωποςσ

147 904 203 972 καὶ
229 908 433 982 κοινανικός.
481 903 516 969 ἐκ
549 898 586 969 δέ
614 903 736 969 τούτου
769 907 970 989 φιλοσοφεῖν
997 914 1165 989 παραινεῖ·

147 1015 234 1097 μόνη
253 1013 317 1097 γὰρ
336 1011 418 1094 αὕτη
439 1009 627 1094 ἐπιστημῶν
645 1007 701 1074 καὶ
720 1021 845 1095 τεχνῶν
867 1011 943 1077 οὔτε
962 1010 1168 1076 έπιλυπεῖται

148 1116 290 1201 ἀγαθοῖς
317 1116 505 1201 ἀλλοτρίοις
533 1116 610 1181 οὔτε
637 1115 798 1201 έπιχαίρει
825 1126 939 1194 κακοῖς
964 1127 1033 1195 τοῖς
1055 1116 1166 1201 πέλας,

148 1223 204 1287 ἀτε
232 1224 333 1308 φύσει
361 1233 534 1307 συγγενεῖς
560 1219 615 1287 καὶ
640 1224 783 1300 οἰκείους
811 1223 1029 1307 ὁμοιοπαθεῖς
1053 1247 1089 1289 τε
1111 1221 1166 1288 καὶ

147 1335 243 1414 κοινῇ
274 1327 515 1413 ὑποκειμένους
550 1329 632 1414 τύχῃ
666 1328 877 1414 ἀπροόρατον
909 1353 945 1395 τε
975 1331 1013 1395 τὸ
1046 1327 1168 1414 μέλλον
1183 1348 1208 1388 10

147 1437 283 1520 ἔχοντας
300 1439 379 1513 τοὺς
398 1435 603 1520 ἀνθρώπους
619 1435 745 1513 πάντας
766 1436 897 1518 ὁμαλῶς
915 1436 1165 1521 ἀποφαίνουσα·

148 1542 264 1625 διόπερ
288 1549 476 1626 συμπαθεῖς
499 1565 533 1607 τε
556 1539 611 1606 καλ
634 1543 861 1626 φιλαλλήλους
878 1542 1099 1627 παραγγέλλει
1123 1537 1167 1608 εί-

146 1671 214 1729 ναι,
237 1651 439 1713 κοινωνικόν
462 1669 498 1712 τε
521 1647 566 1724 ὡς
589 1646 725 1731 ἀληθῶς
747 1645 803 1711 καὶ
826 1647 962 1730 λογικὸν
987 1650 1080 1733 ζῷον.

93 1759 136 1817 λα’
240 1754 355 1842 Τοότφ
384 1750 421 1819 δὲ
450 1755 536 1818 ἔοικε
563 1749 619 1818 καὶ
646 1754 684 1817 τὸ
716 1751 937 1838 ἐγκέφαλον
964 1752 1013 1837 μὴ
1043 1755 1167 1818 ἔσθιε·

146 1857 202 1924 καὶ
234 1860 298 1945 γὰρ
331 1860 430 1937 αὐτὸς
468 1853 566 1937 οὗτος
597 1859 797 1944 ἡγεμονικόν
829 1858 899 1924 έστι
933 1868 994 1924 τοῦ
1027 1871 1168 1944 φρονεῖν
1182 1879 1208 1920 15

147 1967 304 2051 όργανον.
351 1969 529 2033 αίνίττεται
558 1961 621 2033 οὖν
645 1968 689 2044 ὡς
718 1967 759 2032 οὐ
783 1968 837 2032 δεῖ
856 1970 965 2044 καλῶς
990 1969 1168 2050 βεβουλευ-

147 2070 232 2156 μένα
259 2074 434 2158 προίγματα
462 2071 517 2138 καλ
546 2073 695 2158 δόγματα
724 2074 965 2139 διασιλλαίνειν
989 2069 1073 2157 μηδὲ
1097 2074 1165 2138 δια-

149 2177 295 2260 δάκνειν,
319 2184 427 2255 καλῶς
445 2177 479 2242 δ’
502 2177 544 2242 δν
564 2184 614 2261 εἴη
634 2178 881 2262 βεβουλευμένα
899 2181 939 2244 τὰ
958 2180 1015 2243 διὰ
1033 2190 1168 2264 φρενῶν

56 2304 134 2347 οιοΚ.
147 2281 203 2348 καλ
226 2292 287 2349 τοῦ
309 2279 381 2347 κατ’
409 2282 490 2348 αὐτὸ
513 2283 551 2348 τὸ
574 2293 668 2348 νοεῖν
688 2282 890 2367 ἡγεμονικοῦ
908 2283 1167 2369 συνεσκεμμένα,

148 2396 223 2456 ίσον
252 2397 298 2478 τῷ
327 2387 574 2474 έπιστημονικοί.
621 2389 662 2454 οὐ
689 2389 754 2472 γὰρ
783 2389 839 2454 διὰ
865 2399 934 2455 τῶν
956 2398 1017 2454 τοῦ
1042 2389 1167 2473 ἀλόγου
1182 2411 1208 2450 νο

147 2507 205 2581 τῆς
227 2504 335 2582 ψυχῆς
358 2496 471 2572 εῖδους
494 2494 660 2580 ὀργάνων,
686 2496 826 2580 καρδίας
847 2492 903 2559 καὶ
926 2495 1060 2578 ἥπατος,
1085 2495 1168 2561 ἀλλὰ
1281 2531 1283 2538 ν

149 2606 204 2669 διὰ
217 2613 278 2670 τοῦ
296 2611 452 2690 καθαροῦ
470 2612 532 2668 τοῦ
551 2607 742 2686 λογιστικοῦ
761 2603 956 2668 τὰτοιαῦτα
975 2601 1167 2688 έθεωρήθη·

59 2731 97 2773 15⁷
105 2729 134 2772 Δ.
150 2711 265 2795 διόπερ
293 2710 436 2802 ἀβουλία
463 2711 501 2775 τὸ
529 2709 738 2776 ἀντικόπτειν
770 2709 892 2788 αὐτοῖς.
942 2707 1102 2793 σέβεσθαι
1131 2706 1169 2776 δέ

149 2806 277 2900 μᾶλλον
304 2817 431 2881 κελεύει
457 2819 495 2882 τὸ
523 2817 695 2902 σύμβολον
722 2817 783 2900 τὴν
808 2829 876 2884 τῶν
900 2829 1036 2905 φρενῶν
1058 2818 1169 2902 πηγὴν

149 2920 265 2986 καὶτὸ
288 2930 334 3009 τῷ
357 2932 451 2992 νοεῖν
474 2920 737 3006 προσεχέστατον
761 2925 923 3007 ὄργανον,
948 2918 993 2990 δι’
1019 2919 1061 2989 οὗ
1083 2929 1170 2989 θειο-
1184 2941 1209 2982 2⁵

151 3031 228 3114 ρίαν
256 3051 291 3094 τε
319 3025 375 3093 καὶ
403 3026 585 3111 ἐπιστήμην
611 3020 731 3093 καὶτὸ
762 3029 909 3093 σύνολον
936 3031 1061 3112 σοφίαν
1088 3031 1170 3095 κτώ-

150 3142 239 3220 μεθα
266 3131 322 3200 καὶ
350 3133 395 3210 ὡς
422 3133 558 3219 ἀληθῶς
581 3138 850 3220 φιλοσοφοῦμεν,
878 3132 933 3198 καὶ
961 3135 1004 3220 μὴ
1034 3146 1170 3220 συγχεῖν

35 3303 39 3310 .
149 3239 235 3328 μηδὲ
257 3241 434 3325 ἀφανίζειν
457 3241 497 3304 τολ
521 3237 565 3305 δι’
593 3239 698 3306 αὐτοῦ
721 3245 805 3324 ῖχνν.

149 3357 364 3369 .-..-.--—

240 3403 256 3453 8
275 3397 345 3468 τοῖς]
365 3398 420 3451 τῶν
440 3397 511 3452 coni.
531 3395 670 3467 Gyr‘aldus
689 3396 772 3468 (Opp.
791 3395 818 3450 II
834 3400 898 3470 481)
917 3399 947 3452 οῖ
965 3395 1170 3454 Βὶῖλετελιοείοε

150 3524 177 3574 p.
188 3511 222 3560 62
233 3493 387 3573 Κουλλῖῖῖ
397 3503 523 3573 Kiessl.):
539 3504 658 3560 fortasse
667 3510 726 3567 τοῖς
735 3504 791 3558 τῶν
805 3506 816 3574 ΙΙ
829 3508 863 3558 22
876 3473 1020 3572 έθεαρηθ’
1034 3508 1044 3574 ss
1057 3510 1091 3560 27
1107 3525 1171 3576 συγ·

151 3582 211 3644 γεῖν
231 3576 396 3631 Vulcanius:
417 3572 553 3645 συνέχειν.
721 3577 724 3584 “
