2674 3932
423 201 696 257 PROTREPTICUS
715 201 749 267 (ο.
763 200 797 253 ΙΙ.
811 199 870 270 111).
1111 196 1150 260 11

138 364 247 428 πάντα
269 371 372 428 ταῦτα
401 364 535 448 ἀνάγων
558 365 605 441 είς
632 364 694 446 τήν
716 371 774 446 της
797 361 914 448 άρετής
942 360 1153 443 ἐπιτήδευσιν

140 470 201 554 οὐχ
230 469 340 546 ἁπλῶς
369 479 426 553 τής
457 471 636 555 τυχούσης,
670 465 741 533 ἀλλ’
758 469 847 552 οήτις
878 467 963 551 ήμᾶς
995 465 1153 550 ἀφίστησι

54 600 123 655 241<-
139 572 200 660 μὲν
224 585 281 660 τῆς
304 575 521 663 ἀνθρωπίνης
540 577 682 661 φύσεως,
707 572 760 640 ἐπὶ
780 570 817 639 δέ
835 575 897 658 τήν
914 577 1014 638 θείαν
1034 573 1153 638 οὐσίαν

139 679 194 747 καί
212 683 273 766 τήν
291 694 420 766 γνῶσιν
438 693 495 768 τής
514 685 610 760 θείας
628 681 746 767 ἀρετῆς
763 679 818 746 καὶ
836 681 898 762 τήν
917 688 1033 762 κτῆσιν
1053 679 1154 763 αὐτῆς

139 788 297 873 περιάγει.
344 789 427 854 άλλά
454 790 520 874 μήν
553 795 600 865 είς
631 812 668 871 γε
691 789 762 871 ,τήν
789 786 1000 872 θεωρητικήν
1030 788 1182 868 οοφίαντ

140 895 196 959 διά
218 896 348 960 τούτων
370 900 566 982 παρακαλεῖ·
616 977 618 981 ι

614 1019 744 1083 τούτων
768 1014 805 1082 δὲ
828 1020 995 1102 κρατήσας

161 1126 307 1208 γνώσεαι
330 1125 511 1190 ἀθανάτων
532 1149 568 1190 τε
590 1131 682 1190 θεῶν
704 1130 842 1208 θνητῶν
865 1119 893 1188 τ’
920 1122 1112 1207 ἀνθρώπων

163 1233 335 1314 σύστασιν,
358 1223 379 1317 ᾖ
402 1256 436 1297 τε
460 1231 580 1297 ἕκαστα
604 1231 767 1316 διέρχεται
790 1222 812 1316 ᾗ
834 1253 869 1295 τε
892 1240 1072 1316 κρατεῖται·

161 1339 275 1424 γνύση
299 1335 345 1422 δ’,
372 1330 394 1424 ᾗ
417 1337 516 1423 θέμις
539 1338 623 1422 ἐστί,
648 1339 753 1423 φύσιν
776 1335 852 1423 περὶ
874 1338 998 1414 παντὸς
1021 1335 1152 1421 ὁμοίην,
1167 1361 1196 1400 10

161 1445 245 1510 ὥστε
268 1461 305 1511 σε
327 1447 408 1531 μήτε
432 1440 543 1510 ἄελπτ’
570 1445 711 1524 ἐλπίζειν
735 1448 815 1529 μήτε
837 1469 869 1508 τι
892 1446 1020 1527 λήθειν.

138 1570 268 1633 τούτων
295 1571 359 1654 γάρ
390 1569 452 1634 οὐκ
485 1571 575 1633 ἐστιν
608 1568 692 1632 ἀλλα
723 1568 982 1652 θαυμασιώτερα
1014 1578 1083 1643 τοῖς
1116 1561 1154 1631 εὖ

78 1693 126 1734 τε.
141 1675 328 1757 πεφυκόσιν
352 1675 399 1749 είς
420 1673 459 1736 τδ
482 1679 718 1757 παρορμᾶσθαι
737 1674 899 1755 γενναίως
921 1674 968 1747 είς
988 1672 1050 1754 τήν
1068 1677 1155 1744 θεω-

139 1779 278 1864 ρητικήν
293 1781 508 1863 φιλοσοφίαν.
541 1778 561 1861 ή
577 1774 638 1863 μὲν
652 1778 716 1863 γάρ
731 1786 854 1861 γνῶσις
865 1787 935 1846 Ιτῶν
949 1783 1041 1841 θεῶν
1055 1776 1155 1863 ἀρετή

138 1884 175 1950 τέ
192 1883 335 1951 ἐστικαὶ
356 1889 459 1970 σοφία
477 1882 533 1951 καὶ
552 1885 750 1968 εὐδαιμονία
767 1885 885 1966 τελεία,
908 1895 1000 1948 ποιεῖ
1017 1906 1052 1948 τε
1070 1883 1155 1968 ἡμᾶς
1170 1905 1196 1946 15

138 2003 208 2068 τοῖς
235 1999 330 2069 θεοῑς
357 1991 508 2077 ὁμοίους,
536 1991 557 2075 ἡ
586 1988 623 2056 δέ
650 2001 718 2056 τῶν
741 1989 969 2076 ἀνθρωπίνων
992 1990 1153 2076 ἐπιστήμη

139 2099 197 2174 τάς
218 2121 253 2163 τε
276 2098 493 2184 ἀνθρωπίνας
517 2098 634 2184 ἀρετάς
656 2096 791 2183 παρέχει
818 2093 873 2161 καὶ
895 2108 963 2162 τῶν
985 2097 1155 2183 ἡμετέρων

139 2204 343 2288 πραγμάτων
366 2205 546 2289 ἐμπείρους
568 2216 670 2286 ποιεῖ,
699 2204 739 2267 τά
765 2225 800 2267 τε
824 2203 887 2268 ἀπὸ
915 2204 1045 2269 τούτων
1069 2202 1155 2288 ὠφέ-

140 2312 219 2392 λιμα
246 2311 302 2374 καί
330 2310 476 2392 βλαβερά
505 2310 684 2392 διακρίνει,
716 2307 773 2372 καὶ
798 2309 839 2371 τά
866 2305 928 2392 μὲν
957 2310 1156 2393 φυλάττεται

139 2415 179 2478 τά
202 2410 240 2478 δὲ
261 2425 436 2500 περιποιεῖ,
459 2412 515 2478 καὶ
538 2414 623 2490 ὅλως
645 2414 707 2496 τήν
730 2414 891 2478 σύστασιν
913 2414 985 2496 ήτις
1007 2413 1075 2478 ἐστί
1099 2424 1156 2499 της
1169 2437 1198 2477 ιο

139 2519 357 2606 ἀνθρωπίνης
390 2524 472 2604 ζωῆς
504 2522 592 2607 λόγῳ
624 2543 659 2584 τε
691 2517 746 2584 καὶ
778 2522 864 2606 ἕργφ
897 2520 1155 2604 καταμανθάνει.

64 2646 123 2687 ιεΚ.
139 2628 175 2691 τὸ
195 2622 232 2691 δέ
250 2628 531 2711 θαυμασιώτατον
550 2627 657 2692 έκεῖνο
678 2626 868 2691 διδάσκεται
887 2625 951 2690 ἀπὸ
969 2635 1027 2710 της
1045 2629 1156 2692 τοιαύ-

138 2755 196 2816 της
219 2734 387 2817 είδήσεως,
409 2735 491 2799 κατά
509 2737 544 2798 τί
560 2730 724 2819 διέρχεται
743 2732 888 2809 εὐλύτως
907 2728 962 2797 καί
981 2732 1156 2810 ἀκωλύτως

140 2837 259 2903 ἕκαστα
281 2850 349 2904 τῶν
373 2839 409 2905 ἐν
432 2839 527 2925 ημῖν,
557 2840 619 2905 ὅσα
643 2837 713 2904 ἐστὶ
734 2848 791 2922 τής
813 2841 1002 2924 κρείττονος
1027 2844 1154 2926 μοίρας,

45 3001 48 3006 .
139 2941 194 3008 καί
222 2946 303 3008 κατὰ
330 2948 364 3009 τί
388 2957 553 3031 κρατεῖται
580 2942 636 3010 καί
663 2946 839 3028 κωλύεται,
870 2945 953 3009 ὥστε
981 2945 1024 3028 μή
1054 2947 1155 3010 δύνα-
1169 2966 1197 3006 ιε

140 3057 221 3116 σθαι
245 3050 368 3138 ῥᾳδίως
391 3049 512 3128 ἐξιέναι
534 3048 589 3116 καὶ
611 3059 679 3115 τῶν
703 3051 834 3133 δεσμῶν
858 3045 1074 3116 ἀπολύεσθαι.

229 3214 315 3276 Ίεηη.
337 3205 428 3260 Oarm.
447 3208 513 3260 Aur.
533 3224 577 3260 vv.
598 3210 714 3261 49-53

230 3355 262 3403 11
283 3344 391 3403 ἄελπτα
408 3349 419 3418 ΙΙ
440 3354 473 3402 14
491 3348 582 3402 θείων
601 3346 758 3416 Βθίειεείιιε,
777 3347 811 3403 of.
827 3348 926 3402 Nauck
945 3348 983 3402 ad
1001 3348 1058 3404 vit.
1072 3349 1154 3420 Pyt.h

139 3425 230 3490 p.89‚
252 3425 291 3474 14.
334 3418 475 3475 Plutarch.
500 3418 608 3474 Plae.I
632 3417 758 3472 Prooem.
783 3420 838 3488 (ap
861 3419 952 3487 Diels,
976 3418 1154 3546 Doxograph

139 3463 369 3617 φωῖἵὲοχμΗΑΙΙθ
388 3487 550 3561 ἀνθρώπων
566 3507 599 3545 ex
614 3491 778 3560 apographo
794 3488 902 3544 Gizensi
915 3491 940 3544 K
953 3492 963 3560 11
978 3497 1011 3545 18
1031 3489 1079 3547 ἐπὶ
1092 3490 1155 3547 τού-
