2674 3932
449 191 723 261 Ραονειεενωοε·
742 205 837 276 (εν).
1107 207 1148 272 29

137 369 220 433 ὅθεν
254 367 289 432 oc
323 364 430 452 ἰατροὶ
468 367 528 451 οὐχ
565 365 704 454 ἑαυτοὺς
739 369 962 450 γιγνώσκουσι
999 372 1149 435 καθόσον

138 476 256 558 ίατροί,
281 469 360 537 οὐδὲ
380 473 415 537 oc
433 475 645 558 παιδοτρίβαι
663 476 815 538 καθόσον
837 477 1056 557 παιδοτρῑβαι.
1094 473 1149 540 καὶ

137 581 211 645 ὅσοι
245 574 281 643 δὲ
314 577 513 664 πορρωτέρω
546 589 613 643 τῶν
646 577 773 644 ἑαυτῶν
806 581 846 644 τά
877 578 953 665 περὶ
984 583 1021 646 τὸ
1055 581 1149 665 σῶμα

62 689 66 696 “
135 686 393 769 γιγνώσκουσιν,
425 676 474 762 οἷς
497 693 594 750 τοῦτο
618 687 854 771 θεραπεύεται,
884 686 928 763 ώς
952 688 986 751 oc
1006 687 1149 771 γεωργοὶ

60 813 122 854 εεε.
137 790 193 857 καὶ
216 793 251 857 οί
271 793 367 857 άλλοι
393 793 607 877 δημιουργοί,
636 797 762 858 πολλοῦ
786 793 827 876 δη
852 792 987 858 δέουσιν
1011 793 1175 871 ἑαυτοὺςε

136 900 349 983 γιγνώσκειν·
380 895 459 963 οὐδὲ
486 900 549 982 γάρ
577 899 618 963 τά
647 897 775 964 ἑαυτῶν
798 895 892 964 οὗτοι
916 900 1148 984 γιγνώσκουσι.

138 1006 193 1070 διδι
215 1013 318 1071 ταῦτα
342 1006 383 1087 δὴ
406 1003 462 1069 καὶ
485 1005 649 1088 βάναυσοι
673 1001 770 1070 αὗται
794 1007 831 1070 αί
854 1005 966 1091 τέχναι
990 1007 1149 1072 δοκοῦσιν

137 1106 231 1178 εἶναι.
273 1114 359 1196 μόνη
379 1106 416 1176 δὲ
435 1113 643 1197 σωφροσύνηΙ
658 1109 749 1176 ἐστὶν
767 1111 787 1194 ἡ
807 1121 864 1195 τῆς
886 1121 994 1196 ψυχῆς
1015 1125 1148 1196 γνῶσις,

136 1216 191 1282 καὶ
214 1225 260 1305 τςό
285 1220 357 1282 όντι
379 1216 521 1302 ἡμετέρα
544 1217 643 1302 άρετη
667 1220 753 1302 μόνη
777 1217 885 1301 ἐκείνη
905 1217 1055 1303 ὑπάρχει,
1079 1220 1150 1303 ἥτις

136 1326 198 1408 την
220 1325 332 1408 ψυχὴν
355 1327 508 1407 βελτίονα
528 1323 750 1408 ἀπεργάζεται.
786 1326 908 1408 ταύτης
927 1326 991 1411 άρα
1009 1327 1149 1410 μάλιστα
1164 1348 1190 1387 ιο
1237 1358 1241 1366 ·

138 1429 383 1495 ἀντιποιεῖσθαι
405 1428 500 1507 άξιον
523 1433 602 1507 τοὺς
624 1430 852 1515 βουλομένους
873 1431 1149 1516 ὁμολογουμένως

62 1557 123 1596 νεα.
137 1544 176 1621 τῇ
209 1535 337 1602 ἑαυτῶν
374 1535 472 1623 οὐσίᾳ
509 1538 702 1621 διακοσμεῖν
734 1539 794 1602 τὸν
827 1536 954 1603 ἑαυτῶν
986 1542 1062 1622 βίον
1094 1537 1148 1603 καί

137 1641 276 1720 ἑαυτοὺς
290 1642 532 1728 ἀπεργάζεσθαι
550 1645 672 1719 καλοὺς
690 1641 744 1707 καὶ
764 1643 923 1726 ἀγαθούς,
943 1642 1057 1731 καὶτῷ
1076 1631 1147 1710 όντι
1212 1645 1215 1650 '

78 1739 81 1748 ’
137 1747 264 1815 ἑαυτῶν
287 1747 516 1832 ἐπιμελεῖσθαι
538 1747 832 1834 προαιρουμένους.

230 1859 295 1939 Τῆς
319 1851 355 1920 δὲ
379 1855 479 1938 αὐτῆς
502 1857 608 1939 ἔχεται
630 1857 764 1939 γνώμης
791 1853 982 1920 καὶταῦτα·
1013 1856 1058 1932 ώς
1080 1867 1147 1921 τῶν
1164 1877 1189 1918 τε

136 1960 304 2047 ἡμετέρων
322 1961 495 2046 κτημάτων
510 1963 590 2046 μετά
607 1963 711 2038 θεοὺς
728 1963 817 2048 ύυχη
836 1965 1011 2028 θειότατον
1031 1965 1148 2029 οίκειό-

136 2071 235 2134 τατόν
258 2066 296 2133 τέ
317 2068 401 2150 ἐστι,
428 2069 469 2132 τὰ
492 2064 523 2131 δ’
550 2067 691 2153 ἡμέτερα
720 2069 812 2133 διττδι
835 2070 942 2137 πάντα
966 2068 1035 2134 ἐστὶ
1058 2079 1148 2153 πᾶσι,

136 2176 176 2239 τά
204 2172 264 2260 μὲν
290 2177 425 2260 κρείττω
453 2171 509 2238 καὶ
532 2169 660 2257 άμείνω
689 2175 903 2259 δεσπόζοντα,
934 2178 974 2241 τὰ
1002 2173 1039 2241 δὲ
1062 2177 1147 2260 ἥττω

137 2278 197 2345 καὶ·
221 2283 319 2366 χείρω
353 2281 466 2345 δοῦλα.
520 2281 560 2344 τὰ
598 2280 798 2358 δεσπόζοντα
834 2277 896 2347 οὖν
927 2282 1148 2368 προτιμητέον

136 2398 204 2452 τῶν
228 2388 466 2452 δουλευόντων.
512 2386 617 2463 οὕτως
640 2381 702 2452 οὖν
725 2389 786 2471 την
808 2389 920 2472 ψυχὴν
943 2388 1023 2472 μετὰ
1045 2391 1148 2465 θεοὺς
1162 2410 1189 2449 ιο

136 2494 342 2564 τῶνάλλων
369 2491 588 2578 προτιμητέον
616 2493 762 2558 πάντων·
793 2500 871 2580 τιμᾷ
899 2489 937 2559 δὲ
960 2493 1064 2576 αὐτὴν
1088 2494 1149 2580 οὐχ

138 2600 155 2666 6
179 2604 315 2686 χείρονα
338 2600 374 2666 ἐκ
397 2602 567 2682 βελτίονος
590 2599 867 2685 ἀπεργαζόμενος,
898 2594 973 2665 οὐδ’Ι
998 2600 1016 2665 6
1040 2612 1150 2666 κακῶν

136 2705 191 2771 καὶ
215 2707 426 2791 μεταμελείας
448 2705 609 2790 ἐμπιπλὰς
628 2707 743 2791 αὐτην,
772 2705 845 2772 οὐδ’
872 2708 890 2773 6
914 2707 1049 2793 φεύγων
1072 2709 1151 2784 τοὺς
1263 2769 1266 2776 .

139 2811 400 2898 ἐπαινουμένους
421 2815 547 2889 πόνους
573 2810 628 2877 καί
651 2815 780 2897 φόβους
802 2813 858 2879 καὶ
886 2814 1074 2899 άλγηδόνας
1095 2812 1150 2879 καὶ

140 2919 244 2996 λύπας
263 2917 396 3007 (άτιμον
414 2921 478 3004 γάρ
494 2919 598 3002 αὐτην
613 2917 826 3005 ἀπεργάζεται
845 2920 862 2986 6
877 2918 1053 3007 τοιοῦτος),
1074 2918 1146 2986 οὐδ’
1165 2937 1190 2978 2⁶

139 3025 318 3111 όφεύγων
340 3026 400 3091 τὸν
422 3026 574 3090 θάνατον
597 3022 673 3110 (τὴν
699 3027 764 3110 γάρ
792 3027 890 3091 λύσιν
918 3027 979 3110 τὴν
1002 3026 1065 3091 άπὸ
1090 3035 1151 3091 τοῦ
1191 3043 1193 3048 ·
1240 3083 1242 3088 ,

139 3133 291 3217 σώματος
304 3130 359 3198 καὶ
376 3141 434 3215 τῆς
447 3142 555 3217 ψυχῆς
568 3132 630 3215 τὴν
642 3127 724 3198 καθ’
741 3131 862 3216 ἑαυτὴν
878 3133 962 3215 ζωὴν
978 3133 1151 3217 δυσχεραί-
1174 3166 1177 3172 ‚

137 3262 231 3304 νοιτο
265 3237 307 3306 δν
338 3239 355 3305 6
383 3235 564 3326 τοιοῦτος),
598 3235 672 3303 οὐδ’
704 3237 721 3303 6
749 3240 813 3323 πρὸ
821 3217 955 3324 ἴάρετῆς
980 3249 1151 3324 προτιμῶν

229 3417 269 3467 15.
289 3430 318 3482 p.
333 3419 378 3482 30,
392 3419 407 3468 2
427 3413 498 3470 plat.
517 3413 602 3484 Legg.
619 3413 643 3468 V
661 3431 708 3483 pp.
724 3417 865 3468 726-728
876 3413 907 3466 A.

138 3521 352 3532 ...--...--.-.

228 3577 245 3627 ε
265 3567 310 3642 οε]
324 3590 356 3658 γε
371 3571 397 3626 Κ
412 3572 506 3628 neseio
521 3572 608 3628 unde:
628 3569 894 3640 of.1>1at.A10.Ip.
912 3556 1150 3640 131Δ111οιιώ.
