2670 3932
156 186 221 252 120
258 217 263 227 -
568 186 757 242 IAMBLIOHI

105 369 108 374 ·
155 359 250 433 σῶμα
281 349 598 434 καταλαμβανούσας
629 351 830 433 νοσοκομίας
860 371 895 414 τε
926 346 983 414 καλ
1014 348 1172 433 άσχολίας

156 454 388 533 ἀδιαλείπτους
410 454 620 539 έμποιούσας.

103 567 145 637 κγ’
247 563 293 627 Τὸ
324 559 361 627 δὲ
392 568 491 627 θεοῦ
521 563 646 628 τύπον
678 563 727 647 μὴ
759 561 950 646 έπίγλυφε
974 561 1169 648 δακτυλίῳ

155 671 237 734 κατὰ
250 669 313 753 τὴν
326 673 570 754 προλεχθεϊσαν
585 671 721 735 ἔννοιαν
733 675 905 753 προτροπῇ
916 676 1034 753 χρῆται
1043 667 1169 753 τοιᾷδε·

129 794 142 836 ι
156 776 336 860 φιλοσόφει
349 773 405 841 καὶ
419 774 614 860 ἀσωμάτους
627 776 692 862 πρὸ
709 776 834 852 παντὸς
847 775 932 859 ἡγοῦ
950 776 1054 851 θεοὺς
1066 773 1174 859 ὑπάρ-

157 899 240 966 χειν·
272 883 309 946 τὸ
342 883 405 966 γὰρ
436 881 642 967 κυριώτατον
670 881 797 968 ρίζωμοι
824 890 892 945 τῶν
921 884 1171 966 Πυθαγορικῶν

158 988 332 1073 δογμάτων
355 982 445 1054 τοῦτ’
471 986 577 1071 ἐστίν,
605 985 638 1066 έξ
667 981 708 1052 ού
734 987 775 1054 τὰ
800 985 908 1052 πάντα
931 986 1052 1071 σχεδὸν
1074 986 1170 1070 ἤρτη-

157 1117 210 1160 ται
236 1090 291 1159 καὶ
319 1090 378 1176 ὑφ’
410 1087 452 1157 οὗ
479 1090 573 1177 μέχρι
605 1091 721 1169 τέλους
747 1092 959 1176 κρατύνεται·
991 1092 1035 1177 μὴ
1060 1093 1171 1177 νόμιζε

157 1196 195 1264 δὲ
227 1209 372 1286 μορφαῖς
402 1197 525 1274 αύτούς
555 1203 738 1284 κεχρῆσθαι
773 1198 850 1263 ὅσαι
881 1194 945 1263 scol
978 1200 1170 1282 σωματικαί,

117 1327 143 1366 ιο
157 1301 240 1389 μηδὲ
268 1301 516 1387 προσδεδέσθαι
542 1302 722 1376 ὑποστάσει
748 1302 845 1389 ύλικῇ
872 1300 929 1370 καλ
959 1293 1033 1367 οἷον
1061 1304 1170 1392 δεσμχῦ

157 1412 258 1499 ὑλικςῦ
283 1409 420 1493 σώματι,
444 1408 554 1495 ὥσπερ
576 1411 617 1475 τδι
639 1411 722 1476 ἄλλα
747 1413 821 1500 ζῷα.
858 1410 895 1475 αἱ
916 1406 954 1475 δὲ
977 1407 1031 1475 έπλ
1054 1411 1172 1475 δακτυ-

156 1519 241 1594 λίοις
263 1513 390 1602 γλυφαλ
415 1517 534 1581 τόντε
557 1516 681 1601 δεσμὸν
705 1513 750 1582 δι’
777 1515 881 1583 αύτοῦ
907 1524 969 1582 τοῦ
992 1517 1172 1582 δακτυλίου

157 1623 358 1709 ἐμφαίνουσι
381 1619 436 1688 καὶ
459 1622 521 1705 τὴν
545 1623 759 1706 σωματύτητα
782 1626 820 1688 τό
842 1645 876 1688 τε
895 1622 1060 1707 αἰσθητὸν
1084 1617 1173 1698 εἶδος
1187 1642 1264 1685 τινα.

157 1727 213 1794 καλ
235 1730 362 1795 ὡσανεί
380 1751 473 1806 τινος
494 1737 561 1794 τῶν
585 1725 638 1794 έπλ
661 1727 783 1816 μέρους
807 1726 898 1817 ζῴων
921 1730 978 1794 διὰ
995 1739 1054 1814 τῆς
1072 1733 1173 1811 γλυπ-

119 1857 143 1897 ιι
158 1844 216 1920 τῆς
241 1839 451 1922 προσύψεως,
479 1829 519 1918 ἧς
545 1833 727 1919 χωριστέον
754 1835 895 1922 μάλιστα
921 1836 959 1900 τὸ
986 1845 1054 1900 τῶν
1081 1841 1173 1900 θεῶν

158 1941 255 2027 γένος
278 1942 322 2018 ὡς
345 1941 456 2006 ἀίδιόν
483 1963 518 2005 τε
541 1937 597 2006 καλ
619 1942 742 2026 νοητὸν
765 1939 820 2008 καλ
843 1941 925 2006 κατὰ
949 1941 990 2006 τὰ
1012 1940 1097 2008 αύτὰ
1118 1938 1174 2007 καλ

158 2049 315 2124 ὡσαύτως
342 2044 394 2111 άελ
426 2048 518 2129 έχον,
551 2046 596 2123 ὡς
623 2045 660 2112 έν
687 2055 733 2135 τῷ
762 2044 847 2133 Περὶ
879 2054 964 2112 θεοῦ
997 2049 1090 2125 ίδίως
1118 2044 1173 2112 καλ
1188 2069 1264 2110 οοοιι.
1323 2059 1327 2116 ⁴,

157 2152 365 2238 πληρέστατα
387 2156 638 2238 τεχνολογεῑται.

104 2267 147 2324 κδ
251 2260 296 2324 Τὸ
316 2255 353 2326 δὲ
371 2260 474 2344 παρὰ
491 2259 639 2344 λύχνον
658 2261 707 2344 μὴ
726 2259 959 2345 έσοπτρίζου
978 2265 1175 2346 Πυθαγορι-

118 2387 145 2428 2⁰
157 2369 304 2451 κώτερον
326 2366 548 2451 συμβουλεύει
570 2367 608 2431 τὸ
632 2370 812 2452 φιλοσόφει
830 2368 875 2452 μὴ
893 2366 1108 2452 προστρέχων
1128 2368 1173 2452 μη

157 2481 228 2551 ταῖς
258 2470 328 2538 κατ’
360 2477 521 2557 αἴσθησιν
549 2477 762 2557 φαντασίαις,
796 2475 918 2551 αἵτινες
946 2483 1018 2558 φῶς
1050 2472 1111 2560 μέν
1142 2496 1174 2538 τι

157 2579 233 2666 περὶ
260 2580 317 2657 τὰς
343 2581 544 2662 καταλήψεις
569 2588 720 2662 ποιοῦσι,
752 2575 942 2664 λυχνοειδδς
974 2577 1087 2663 μέντοι
1119 2578 1175 2645 καλ

159 2684 234 2770 ούχλ
257 2687 402 2770 φυσικὸν
425 2679 507 2750 οὐδὲ
529 2684 663 2768 ἀληθές,
687 2684 771 2751 ἀλλὰ
788 2690 916 2769 μᾶλλον
938 2697 1009 2762 ταῖς
1032 2687 1174 2751 κατὰτὸ

157 2790 314 2873 νοητικὸν
333 2790 611 2874 έπιστημονικαῑς,
631 2789 687 2876 ἀφ’
710 2786 758 2856 ὧν
779 2791 990 2878 λαμπροτάτη
1008 2814 1059 2869 τις
1077 2790 1175 2857 εὐαυ-

119 2915 145 2956 νε
158 2898 215 2981 γία
232 2893 288 2962 καλ
308 2895 543 2972 ύδιάπταιστος
561 2893 636 2981 περὶ
655 2897 692 2961 τὸ
711 2906 769 2980 τῆς
786 2907 895 2983 ψυχῆς
913 2899 1001 2983 ὄμμα
1020 2901 1175 2964 συνίστα-

158 3027 212 3069 ται
230 3025 302 3066 *κ*
321 3001 354 3081 έξ
373 3002 529 3068 ἁπάντων
550 3012 618 3067 τῶν
635 3004 812 3087 νοημάτων
829 3001 885 3070 καλ
903 3013 960 3087 τῆς
978 3002 1054 3089 περὶ
1072 3013 1175 3070 ταῦτα

157 3110 318 3193 θεωρίας,
347 3102 419 3174 ἀλλ’
446 3108 508 3174 ούκ
535 3108 660 3174 ἐκτῶν
684 3120 879 3195 σωματικῶν
905 3108 962 3174 καλ
985 3112 1175 3194 αἰσθητῶν·

159 3215 196 3280 ἐν
224 3224 360 3299 συνεχεῖ
386 3216 450 3300 γὰρ
482 3223 586 3280 ταῦτα
610 3213 708 3298 ῥύσει
739 3214 795 3280 καὶ
827 3219 991 3300 μεταβολῇ
1018 3217 1176 3294 πολλάκις

159 3327 373 3342 -ι--ιὺ

232 3377 265 3424 10
279 3367 491 3437 προσδεδίοθαι
500 3370 612 3426 Vitelli:
628 3371 838 3442 προσδέχεσθαι
851 3377 861 3444 fl
876 3379 910 3427 14
920 3369 957 3436 ὡς
971 3367 1008 3427 διν
1023 3375 1055 3428 εί
1062 3376 1072 3442 u
1086 3380 1120 3427 20
1135 3373 1176 3427 al·

158 3475 250 3597 tearum
259 3471 476 3597 Ιμὴῆύολεωάοω
491 3478 500 3545 ΙΙ
514 3482 549 3530 24
567 3453 678 3544 zano?
691 3478 728 3548 (h.
745 3495 768 3533 e.
783 3481 1013 3548 proparoxyton.)
1027 3481 1036 3550 ΙΙ
1050 3485 1085 3534 26
1099 3479 1176 3558 Ιοου-

159 3561 178 3596 n
197 3562 225 3596 m
244 3561 305 3612 s1gn
325 3563 361 3599 τι.
