2674 3932
437 221 708 278 Puouuupuous
727 226 760 294 (ι.
774 223 858 294 τοι).
1108 222 1151 286 47

57 401 124 445 52A.
139 385 246 451 πάντα
269 388 394 472 τρόπον
417 383 598 470 ὑπομένειν
617 385 698 452 αὐτὸ
718 387 801 470 δεῖν,
824 385 1069 470 καταγέλαστον
1087 387 1152 469 ήδη

137 494 175 557 τὸ
204 493 252 577 μή
285 493 393 558 πάντα
424 493 532 556 πόνον
563 489 745 575 ὑπομένειν
777 489 833 556 καί
862 500 973 556 πᾶσαν
1001 492 1153 575 σπουδήν

114 599 338 678 ,σπουδάζειν
361 599 630 681 όπωςκτήσηται
657 598 782 681 ταύτην
805 598 867 680 τήν
891 600 1059 683 φρόνησιν
1082 597 1153 680 ήτις

138 705 301 790 γνώσεται
322 704 384 788 τήν
408 703 581 788 ἀλήθειαν.

228 812 331 894 Γνοίη
361 807 392 875 δ’
424 811 466 875 ἄν
497 834 547 886 τις
578 810 616 874 τὸ
649 809 730 874 αὐτὸ
762 806 818 874 καὶ
850 809 914 875 ἀπὸ
947 809 1091 898 τούτων,
1124 809 1180 874 ees

137 919 344 1003 θεωρήσειεν
367 915 426 982 ὑπ’
454 917 558 1000 αὐγὰς
580 917 641 981 τὸν
663 916 878 1001 ἀνθρώπειον
897 918 982 1000 βίον.
1020 915 1154 1000 εὑρήσει

137 1026 202 1108 γὰρ
225 1025 265 1088 τὰ
289 1025 456 1089 δοκοῦντα
479 1017 565 1088 εἶναι
587 1023 713 1107 μεγάλα
737 1033 808 1101 τοῖς
831 1022 1024 1108 ἀνθρώποις
1046 1023 1154 1088 πάντα

138 1133 220 1196 όντα
244 1132 479 1215 σκιαγραφίαν.
520 1128 603 1194 ὅθεν
626 1127 682 1194 καὶ
705 1127 835 1212 λέγεται
857 1135 965 1206 καλῶς
987 1131 1024 1194 τὸ
1048 1125 1153 1213 μηδὲν

139 1231 226 1302 εἶναι
248 1237 307 1301 τὸν
330 1238 514 1320 ἄνθρωπον
537 1233 592 1300 καὶ
619 1237 656 1301 τὸ
681 1232 788 1321 μηδὲν
810 1230 897 1301 εἶναι
925 1233 1063 1320 βέβαιον
1085 1247 1153 1300 τῶν

138 1343 375 1429 ἀνθρωπίνων.
422 1343 516 1427 ίσχύς
542 1364 577 1407 τε
604 1343 668 1426 γὰρ
698 1340 753 1407 καὶ
781 1341 923 1427 μέγεθος
951 1340 1007 1408 καὶ
1034 1341 1154 1418 καλλος
1168 1361 1194 1401 1⁰

137 1448 242 1533 γέλως
265 1446 334 1514 ἐστὶ
352 1446 407 1513 καὶ
426 1449 565 1526 οὐδενὸς
583 1447 668 1530 ἄξια,
692 1449 813 1525 καλλος
831 1471 866 1514 τε
884 1450 974 1535 παρὰ
991 1451 1029 1514 τὸ
1049 1445 1155 1534 μηδὲν

46 1573 123 1612 1³43·
138 1555 223 1640 ὁρᾶν
246 1550 379 1640 ἀκριβὲς
398 1556 491 1618 δοκεῖ
509 1549 595 1619 εἶναι
613 1563 776 1620 τοιοῦτον.
815 1556 846 1620 εί
862 1555 925 1640 γάρ
944 1578 994 1631 τις
1012 1554 1153 1621 ἐδύνατο

138 1658 274 1743 βλέπειν
297 1657 356 1737 ὀξὺ
377 1659 529 1744 καθάπερ
552 1660 611 1724 τὸν
634 1658 768 1743 Λυγκέα
790 1663 910 1744 φασίν,
940 1660 977 1737 ὃς
1005 1661 1060 1726 διὰ
1087 1671 1154 1725 τῶν

138 1767 262 1851 τοίχων
285 1763 371 1850 ἑώρα
394 1760 449 1829 καὶ
476 1774 544 1829 τῶν
567 1762 734 1850 δένδρων,
763 1762 835 1830 πότ’
862 1763 904 1829 διν
930 1763 1044 1842 ἔδοξεν
1069 1759 1158 1830 εἶναί

138 1895 214 1937 τινα
229 1872 291 1956 τήν
310 1873 390 1949 όψιν
404 1869 553 1953 ἀνεκτόν,
574 1870 663 1958 ὁρῶν
677 1870 710 1950 ἐξ
728 1873 811 1938 οἴων
830 1871 1009 1956 συνέστηκε
1028 1882 1153 1952 κακίους
1170 1891 1194 1932 1⁵
1314 1919 1315 1923 ,

138 1976 231 2063 τιμαὶ
254 1975 291 2044 δὲ
314 1976 369 2043 καὶ
394 1976 488 2057 δόξαι
510 1980 551 2044 τοὶ
574 1980 769 2064 ζηλούμενα,
787 1983 914 2064 μᾶλλον
937 1988 1005 2044 τῶν
1029 1984 1155 2046 λοιπῶν

139 2086 321 2170 ἀδιηγήτου
352 2084 443 2170 γέμει
475 2088 655 2172 φλυαρίας·
691 2094 736 2174 τῷ
769 2088 832 2173 γὰρ
864 2093 1056 2174 καθορῶντι
1087 2097 1155 2152 τῶν

139 2192 259 2258 ἀιδίων
280 2215 313 2257 τι
335 2191 472 2274 ήλίθιον
495 2189 570 2277 περὶ
593 2200 697 2257 ταῦτα
720 2194 928 2272 σπουδάζειν.
973 2196 1009 2258 τί
1030 2190 1060 2258 δ’
1086 2192 1155 2257 ἐστὶ

139 2300 267 2384 μακρὸν
290 2297 311 2382 ή
334 2299 370 2362 τί
388 2301 613 2382 πολυχρόνιον
635 2309 703 2363 τῶν
726 2299 968 2385 ἀνθρωπίνων;
992 2300 1076 2364 ἀλλὰ
1100 2300 1155 2363 διδι

138 2405 201 2488 τήν
214 2402 376 2489 ἡμετέραν
391 2401 582 2486 ἀσθένειαν,
602 2398 705 2488 οἶμαι,
724 2400 779 2468 καὶ
796 2380 873 2488 βίον
892 2406 1081 2490 βραχύτητα
1099 2403 1154 2469 καὶ
1169 2425 1195 2465 εο

138 2519 238 2577 τοῦτο
266 2513 420 2594 φαίνεται
447 2510 543 2576 πολύ.
587 2512 638 2588 τίς
666 2508 708 2575 δν
737 2505 799 2575 οὖν
822 2513 870 2588 είς
896 2520 1000 2576 ταῦτα
1023 2508 1155 2596 βλέπων

63 2632 124 2674 531.
140 2623 245 2683 οἴοιτο
269 2617 438 2701 εὐδαίμων
457 2611 544 2682 εἶναι
566 2614 622 2682 καὶ
640 2617 811 2703 μακάριος,
837 2620 872 2684 οἳ
891 2629 1025 2705 πρῶτον
1050 2619 1155 2695 εὐθὺς

139 2724 241 2809 φύσει
273 2721 494 2808 σννόσταμεν,
531 2723 682 2810 καθάπερ
720 2723 825 2809 φασὶν
862 2725 898 2790 οί
931 2727 989 2802 τὰς
1024 2727 1155 2803 τελετὰς

140 2828 308 2914 λέγοντες,
336 2830 446 2914 ὥσπερ
473 2827 515 2894 δν
543 2828 596 2895 ἐπὶ
623 2834 764 2917 τιμωρία
796 2832 929 2911 πόντες;
963 2843 1062 2899 τοῦτο
1090 2833 1154 2917 γδιρ

140 2939 241 3014 θείως
269 2937 305 3002 οί
328 2934 537 3022 ἀρχαιότεροι
564 2933 701 3020 λέγουσι
729 2938 767 3002 τὸ
796 2939 900 3022 φόναι
931 2940 1064 3005 διδόναι
1092 2941 1153 3024 τήν
1167 2956 1193 2997 ²⁵

231 3098 255 3148 5.
273 3111 300 3175 p.
315 3098 359 3160 48,
374 3098 407 3146 21
427 3089 513 3146 Arist.
531 3090 564 3144 fr.
578 3099 620 3147 59.
636 3099 679 3148 60.
695 3097 727 3147 61
738 3093 771 3148 R.
791 3096 827 3218 (χ).
844 3100 886 3162 70,
902 3102 996 3164 1-72,
1011 3101 1045 3149 22
1060 3097 1069 3165 ΙΙ
1083 3100 1099 3149 8
1118 3096 1153 3150 ef.

141 3165 226 3234 Soph.
245 3163 289 3220 A1.
307 3169 356 3218 125
366 3179 406 3230 sq.
421 3165 460 3228 119
480 3163 514 3217 cf.
535 3162 639 3230 DiphiL
654 3165 707 3218 ine.
723 3163 779 3219 fab.
806 3185 826 3219 r.
842 3172 891 3220 21·
908 3165 958 3234 (IV
973 3172 1025 3222 424
1035 3166 1130 3235 Mein.)
1143 3166 1154 3239 ή

140 3242 173 3290 23
190 3234 219 3290 οἷ
230 3234 281 3298 τὰς
294 3239 348 3289 tel.
358 3234 428 3304 κτα]
444 3234 478 3288 cf.
493 3232 606 3289 Lobeck
615 3232 754 3304 Aglaoph.
768 3253 796 3305 p.
812 3243 863 3292 796
876 3237 1000 3304 itemque
1011 3254 1038 3306 p.
1050 3243 1083 3292 89
1093 3255 1152 3306 sqq.

230 3383 246 3430 2
265 3374 355 3430 πόνον
373 3379 472 3429 πονεῖν
491 3391 544 3430 em.
563 3376 636 3431 Rene
653 3379 663 3447 ΙΙ
683 3382 714 3431 11
738 3377 781 3448 τε]
805 3396 836 3446 γε
855 3377 1154 3452 Βωεεή131νγγίαή

143 3453 176 3502 14
195 3443 260 3503 πότ’
292 3448 352 3510 πῶς
371 3464 422 3501 scr.
437 3445 463 3499 K
476 3449 486 3516 ΙΙ
501 3452 534 3502 15
552 3443 675 3503 ἅνεκτδν
693 3444 764 3518 ὁρᾶν
782 3447 856 3504 Rene
869 3451 879 3518 ΙΙ
894 3453 926 3504 19
945 3451 976 3503 τί
991 3466 1126 3520 superscr.
1151 3453 1153 3522 ή

142 3525 175 3644 2χ
194 3522 286 3644 πρὶν.Α
304 3520 345 3582 τίς
363 3510 399 3573 διν
419 3516 585 3575 Vulcanius:
605 3518 677 3576 πολό
691 3540 726 3577 τι.
759 3516 812 3576 ἐὰν
825 3521 835 3590 ΙΙ
848 3526 882 3575 22
902 3517 930 3575 οἳ
948 3537 982 3576 ex
997 3519 1052 3579 Ciu.
1068 3522 1152 3576 Rose:

141 3609 157 3645 ο
173 3612 180 3645 ι
201 3609 243 3653 ος
288 3631 294 3643 .
