2670 3932
193 247 257 311 102
606 241 797 300 IAMBLIOHI

285 409 352 473 Τόν
374 430 409 472 τε
433 400 476 472 αὖ
499 408 623 491 χρόνον
646 415 716 483 τοῖς
740 405 932 490 ἀνθρώποις
954 405 1011 469 διδ
1028 403 1090 486 τὴν
1115 402 1210 469 εὐνο-

192 516 272 600 μίαν
294 515 342 590 είς
365 509 426 598 μὲν
448 513 488 577 τά
506 512 681 597 πράγματα
703 510 809 598 ἀργὸν
832 515 1020 596 γίγνεσθαι,
1045 505 1093 587 εἰς
1111 504 1148 575 δὲ
1170 511 1211 574 τά

193 624 273 706 ἔργα
295 628 354 704 τῆς
377 622 460 703 ζωῆς
483 618 673 704 ἐργάσιμον.

284 726 471 810 Φρουτίδος
507 721 544 791 δὲ
577 734 636 809 τῆς
668 721 730 810 μὲν
762 724 963 809 ἀηδεστάτὴς
999 720 1210 805 ἀπηλλάχθαι

165 835 271 910 ὀτοὺς
289 831 493 919 ἀνθρώπους
512 829 548 896 ἐν
566 839 606 916 τῇ
626 830 776 917 εὐνομίᾳ,
795 837 834 914 τῇ
854 825 891 894 δὲ
907 828 1025 914 ἡδίστγγ
1045 837 1208 893 συνεῖναι·
1224 845 1298 886 νννΚ.

191 939 394 1024 πραγμάτων
412 936 473 1023 μὲν
491 939 556 1022 γάρ
575 939 741 1022 φροντίδα
760 935 966 1020 άὴδεστάτην
986 930 1083 1018 εἶναι,
1102 936 1209 1020 ἔργον

194 1043 231 1110 δὲ
253 1044 403 1130 ἡδίστην.

281 1155 343 1228 Ea
364 1174 399 1216 τε
422 1145 466 1216 αὖ
488 1152 549 1216 τὸν
570 1150 680 1216 ὕπνον
704 1152 825 1233 ἰοῦσιν,
849 1150 929 1232 ὅπερ
953 1148 1131 1233 ἀνάπαυμα
1153 1171 1209 1212 κα-

193 1267 262 1321 κῶν
289 1257 381 1322 ἐστιν
403 1256 612 1341 ἀνθρώποις,
640 1255 791 1340 ἀφόβους
818 1253 879 1340 μὲν
907 1252 963 1320 καὶ
986 1255 1097 1320 άλυπα
1120 1277 1209 1340 μερι-

155 1381 180 1420 10
194 1373 346 1448 μυῶντας
368 1365 526 1448 ἔρχεσθαι
549 1365 596 1440 είς
620 1362 737 1445 αὐτόν,
766 1359 988 1446 γιγνομένους
1015 1360 1054 1427 δὲ
1075 1357 1126 1426 ἐπ’
1152 1361 1210 1425 αὐ-

193 1477 254 1534 τοῦ
277 1467 371 1555 ἔτερα
393 1477 530 1535 τοιαῦτα
553 1470 707 1554 πάσχειν,
735 1465 791 1535 καὶ
814 1470 857 1552 μὴ
882 1468 1052 1552 ίμφόβους
1075 1467 1210 1546 ἐξάπινα

192 1576 421 1641 καθίστασθαι
434 1579 455 1657 †
470 1571 541 1641 οὐδ’
561 1574 597 1640 ἐκ
617 1579 820 1660 μεταλλαγῆς
833 1573 971 1658 ἡδίστης
984 1583 1045 1639 τοῦ
1058 1575 1211 1657 γνωστὴν

194 1683 256 1764 τὴν
274 1679 401 1767 ἡμέραν
420 1676 505 1747 εἶναι
523 1679 780 1768 προσδέχεσθαι,
803 1680 886 1746 ἀλλὰ
904 1679 1010 1763 ἡδέως
1028 1681 1212 1766 φροντίδας

193 1786 255 1872 μὲν
274 1787 423 1865 ἀλύπους
440 1785 515 1873 περὶ
534 1789 574 1853 τά
592 1790 673 1873 ἔργα
695 1797 753 1871 τῆς
772 1791 854 1872 ζωὴς
876 1785 1110 1872 ποιουμένους,
1133 1789 1212 1863 τοὺς
1226 1803 1295 1844 aas.
1315 1789 1316 1798 ’

156 1911 180 1951 15
194 1897 320 1970 πόνους
343 1891 380 1958 δὲ
403 1903 442 1978 τῇ
467 1893 638 1977 ἀντιλήψει
659 1893 799 1977 ἀγαθῶν
818 1892 948 1960 ἐλπίσιν
967 1893 1134 1970 εὐπίστοις
1156 1891 1212 1958 καί

195 2001 475 2084 εὐπροσδοκὴτοτς
493 1999 788 2084 ἀνακουφίζοντος,
813 1995 860 2065 ὧν
883 2001 1019 2066 πάντων
1036 2001 1098 2094 τὴν
1117 1999 1211 2064 εὐνο-

195 2108 274 2189 μίαν
298 2107 407 2171 αἰτίαν
431 2100 525 2172 εἶναι.

283 2211 351 2276 Καὶ
364 2213 402 2278 τὸ
415 2215 499 2278 κακά
513 2212 649 2298 μέγιστα
662 2206 731 2291 τοῖς
745 2213 939 2297 ἀνθρώποις
952 2213 1098 2297 πορίζου,
1115 2213 1212 2276 πόλε-

195 2342 259 2401 μον
283 2317 525 2405 ἐπιφερόμενον
548 2320 595 2398 είς
617 2320 851 2405 ιιαταστροφὴυ
876 2317 931 2384 καὶ
955 2317 1133 2401 δούλωσιν,
1156 2315 1212 2382 καὶ

155 2442 181 2482 20
194 2433 293 2490 τοῦτο
313 2425 477 2511 ἀνομοῦσι
495 2424 557 2512 μὲν
576 2431 703 2512 μᾶλλον
722 2425 930 2511 ἐπέρχεσθαι,
951 2421 1213 2509 εὐνομουμένοις
1315 2487 1316 2490 ,

196 2526 226 2596 δ’
252 2527 366 2615 ἡσσον.

283 2637 352 2703 Καὶ
380 2641 462 2704 ἀλλα
490 2635 528 2703 δὲ
550 2639 657 2703 πολλά
685 2636 775 2703 ἐστιν
802 2637 839 2702 έν
861 2645 900 2721 τῇ
924 2636 1064 2723 εὐνομίᾳ
1087 2635 1211 2720 ἀγαθά,
1225 2653 1296 2694 νοοῖ.

195 2743 277 2829 άπερ
306 2743 551 2830 ἐπικουρὴματα
579 2752 618 2828 τῇ
647 2747 711 2829 ζωῇ
739 2741 794 2808 καὶ
820 2744 1000 2828 παραψυχὴ
1027 2753 1095 2808 τῶν
1117 2747 1212 2827 χαλε-

195 2857 268 2912 πῶν
295 2848 328 2926 ἐξ
357 2850 457 2933 αὐτῆς
487 2852 648 2933 γίγνεται·
681 2851 721 2914 τά
749 2844 780 2914 δ’
812 2849 847 2915 ἐκ
874 2860 933 2934 τῆς
962 2849 1101 2934 ἀνομίας
1128 2851 1212 2914 κακά

154 2970 181 3012 25
196 2953 422 3039 ἀποβαίνοντα
444 2955 523 3020 τάδε
547 2955 645 3021 ἐστίν.

275 3060 433 3146 ’Ἁσχολοι
456 3057 517 3146 μὲν
539 3071 673 3146 πρῶτον
701 3063 736 3125 ολ
757 3062 931 3148 ἀνθρωποι
959 3065 1042 3148 πρὸς
1069 3064 1110 3126 τδι
1132 3063 1212 3146 ἔργα

195 3170 368 3250 γίγνονται
385 3166 440 3233 καί
454 3167 687 3251 ἐπιμελοῦνται
700 3177 761 3234 τοῦ
775 3167 990 3252 ἀηδεστάτον,
1009 3169 1212 3254 πραγμάτων

287 3329 320 3377 12
340 3321 419 3396 οὐδ’]
443 3316 499 3379 ὦδε
524 3320 553 3379 δ’
579 3324 669 3395 (Diels
687 3325 853 3410 praetuleris
875 3325 924 3380 καί
947 3321 1014 3395 ἤδη)
1039 3329 1068 3398 ελ
1091 3343 1156 3381 mox
1178 3322 1209 3380 τὸ

196 3391 323 3464 γνωστὴν
342 3396 380 3464 (h.
395 3413 418 3450 e.
434 3393 576 3477 φανεράν)
591 3413 642 3465 pro
661 3397 711 3450 τοῦ
725 3391 852 3479 γνωρτὴν
870 3397 979 3466 (atque
993 3392 1131 3464 11α’,εοί1
1147 3413 1211 3450 aon-

196 3467 320 3534 territos,
348 3468 424 3536 ‘post
443 3465 639 3522 suavissimam
663 3468 754 3521 somni
771 3468 861 3522 vicem
883 3471 1044 3536 exspectare
1064 3467 1164 3536 diem’)
1187 3465 1212 3520 si

195 3539 273 3589 reeta
287 3538 428 3623 ,proponit
445 3536 557 3605 Vitelli,
576 3537 659 3592 facile
679 3537 836 3592 carebimus
854 3538 901 3592 vel
919 3537 1084 3609 Kiasslingii
1103 3538 1213 3593 coniec-

195 3605 260 3659 tura
278 3602 449 3662 ἀνίστασθαι
463 3609 473 3676 ΙΙ
488 3613 521 3661 16
541 3577 789 3679 ευπροσδοκήτοις]
810 3607 857 3663 sic.
