2670 3932
415 217 690 276 PROTREPTICUS
710 221 744 288 (c.
760 217 819 274 XX.
834 217 917 288 XXI).
1109 218 1173 283 105

158 398 241 458 σεως
263 379 319 446 καὶ
341 381 532 469 ἀπόρρητον
554 381 637 466 πρὸς
664 381 723 458 τάς
749 381 851 457 ἀλλος
878 379 1024 464 ἀγώγάς,
1051 382 1111 446 τὸν
1135 378 1173 446 δὲ

158 487 296 573 δημώδη
328 485 384 554 καὶ
420 489 536 553 κοινὸν
572 487 656 570 πρὸς
692 485 836 569 ἐκείνας,
873 489 987 572 τρίτον
1023 483 1061 552 δέ
1092 480 1170 573 παρ’

158 593 328 680 ἀμφότερα
351 593 455 679 μέσον
478 593 606 678 ἀμφοίν
624 591 702 658 οὔτε
725 593 915 658 παντάπασι
938 592 1076 676 δημώδη
1097 592 1173 658 οὔτε

158 702 225 785 μὴν
247 701 404 786 ἄντικρυς
428 701 685 785 Πυθαγορικόν,
713 692 785 764 ἀλλ’
811 695 892 764 οὐδὲ
918 695 1174 783 ἀπηλλαγμένον

159 807 344 893 ὁλοσχερῶς
369 803 535 888 ἑκατέρου.
580 815 648 871 τῶν
675 805 738 890 γάρ
763 803 954 889 λεγομένων
978 809 1200 889 Πνθαγορι-ε

157 923 227 979 κῶν
250 914 430 997 συμβόλων
452 912 515 977 ὅσα
539 910 581 977 ἀν
601 910 889 996 ἀξιομνημόνευτα
912 909 992 996 ήμίν
1014 913 1174 997 φαίνηται

158 1017 212 1084 καὶ
231 1019 269 1083 τὸ
287 1019 528 1105 προτρεπτικόν
547 1011 636 1094 είδος
656 1018 883 1104 παραδεικνύῃ
903 1015 1089 1102 έκθέμενοι,
1109 1017 1175 1082 διε-

159 1126 334 1208 γνώκαμεν
358 1123 513 1209 ἐξήγησιν
533 1126 743 1208 ’ποιήσασθαι
766 1124 828 1207 τήν
846 1122 1040 1209 πρέπουσαν
1064 1123 1175 1189 αὐτῶν

160 1234 207 1307 είς
225 1231 443 1316 παράκλησιν,
468 1229 504 1296 έκ
526 1239 588 1297 τοῦ
606 1229 761 1296 τοιούτου
780 1232 972 1314 νομίζοντες
993 1231 1101 1316 πλήρη
1119 1227 1175 1295 καὶ

160 1335 392 1424 ἐντελεστέραν
414 1338 608 1424 προτροπὴν
636 1339 683 1415 είς
710 1339 918 1422 φιλοσοφίαν
946 1335 1079 1420 ἐνήσειν
1105 1346 1175 1413 τοῖς
1189 1357 1216 1396 10

70 1462 145 1506 1³0A.
160 1441 406 1528 ἐντευξομένοις
426 1449 553 1528 μᾶλλον
571 1442 592 1526 ή
611 1445 643 1508 εί
664 1444 720 1508 διά
743 1445 909 1508 πλειόνων
929 1445 1051 1527 στίχων
1068 1445 1175 1508 ποιοί-

71 1569 145 1612 soen.
161 1554 248 1633 μεθα
271 1550 333 1633 τήν
356 1552 558 1636 προτροπήν.
598 1550 686 1613 καθὸ
706 1545 767 1633 μὲν
788 1543 850 1614 οὖν
869 1547 1060 1631 έξωτερικάς
1083 1571 1176 1626 τινας

161 1654 326 1731 έπιλώσεις
362 1650 418 1719 καὶ
458 1655 574 1730 κοιυάς
609 1654 717 1736 πάσης
753 1656 956 1737 φιλοσοφίας
997 1653 1175 1737 έντάξομεν

161 1760 266 1847 αίπςό,
292 1761 374 1825 κατά
397 1768 496 1825 τοῦτο
519 1757 661 1843 ήγητέον
684 1759 766 1825 αὐτὸ
788 1760 992 1844 κεχαρίσθαι
1016 1763 1175 1841 Πυθαγο-

161 1876 257 1953 ρικοῦ
294 1868 518 1950 βουλήματος,
555 1867 642 1932 καθὸ
680 1862 717 1931 δέ
754 1864 810 1932 καὶ
845 1867 903 1942 τὰς
938 1875 1006 1930 τῶν
1040 1864 1217 1951 ἀνδρῶνα

160 1974 288 2040 τούτων
305 1975 509 2060 κυριωτάτας
531 1972 608 2059 περὶ
631 1971 770 2039 έκάστου
791 1973 889 2052 δόξας
908 1969 1175 2057 έγκαταμίξομεν,

160 2081 243 2146 κατά
260 2088 359 2145 τοῦτο
378 2080 478 2145 πάλιν
498 2081 623 2146 οἰκείου
640 2076 701 2164 μὲν
716 2085 979 2166 Πυθαγορικῶν,
999 2077 1175 2167 ἀλλότριον

163 2185 199 2251 δὲ
222 2195 289 2251 τῶν
312 2187 423 2250 ἀλλων
446 2189 644 2270 φιλοσόφων
670 2191 779 2262 καλῶς
806 2188 872 2270 ἔχει
901 2188 1061 2251 τίθεσθαι
1085 2185 1175 2252 αὐτό.

162 2293 352 2376 λεληθότως
376 2289 428 2373 δέ,
458 2291 502 2367 ὡς
526 2291 628 2373 είκός,
657 2290 970 2375 ἀποπαιδαγώγήσει
993 2288 1054 2375 μὲν
1077 2300 1175 2357 τοῦτο

161 2397 246 2481 ἡμᾶς
269 2396 333 2462 ἀπὸ
356 2406 425 2463 τῶν
452 2391 841 2479 έξωτερικῶνέννοιών,
871 2395 1029 2483 προσάξει
1056 2394 1095 2462 δέ
1121 2396 1177 2463 καί
1190 2417 1218 2458 εο

163 2504 326 2570 οἰκειώσει
358 2503 499 2587 μάλιστα
530 2513 602 2580 ταῖς
628 2501 859 2588 προκειμέναις
886 2500 939 2568 καί
969 2503 1051 2567 κατὰ
1077 2504 1178 2585 τήνδε

162 2613 224 2695 τὴν
252 2610 382 2696 αἵρεσιν
409 2607 727 2695 τεχνολογουμέναις
756 2612 1018 2695 παρακλήσεσιν,
1048 2599 1101 2673 οἷά
1128 2631 1178 2687 τις

162 2714 293 2801 γέφυρα
316 2715 337 2800 ή
355 2715 472 2801 κλίμαξ
490 2717 643 2782 κάταθευ
662 2717 732 2782 ἀνω
750 2713 806 2782 καί
824 2717 872 2793 είς
889 2716 976 2794 ὕψος
994 2714 1031 2780 ἐκ
1048 2715 1178 2798 βάθους

164 2821 315 2905 ἀνιμῶσα
328 2826 456 2886 πολλοῦ
469 2820 525 2888 καὶ
539 2821 710 2906 ἀνάγουσα
724 2824 787 2907 τήν
801 2820 941 2890 ἕκάστου
955 2832 1023 2889 τῶν
1032 2824 1178 2907 γνησίας

163 2925 394 3012 προσεξόνταν
423 2928 590 2992 διάνοιαν·
623 2931 670 3005 είς
692 2929 755 3012 γάρ
783 2930 821 2994 τὸ
849 2937 982 2994 τοιοῦτο
1013 2927 1069 2994 καὶ
1101 2929 1178 3014 έμη-
1192 2946 1219 2987 2⁵

164 3035 297 3118 χανήθη
316 3033 399 3098 κατά
418 3035 556 3118 μίμησιν
574 3032 630 3098 καὶ
648 3034 812 3119 ἀπόμαξιν
826 3046 894 3100 τῶν
912 3033 1178 3120 προλεχθέντών.

165 3140 200 3204 οί
233 3140 297 3225 γάρ
333 3141 548 3205 παλαιότατοι
584 3139 641 3205 καὶ
677 3140 767 3229 αὐτῷ
799 3143 1088 3226 συγχρονήσαυτες
1122 3139 1178 3206 καί

254 3303 295 3352 ιι.
311 3315 338 3367 p.
355 3303 415 3365 τοι,
431 3303 464 3351 12
479 3297 514 3352 cf.
529 3297 585 3353 vit.
601 3297 683 3366 Pyth.
699 3302 751 3352 104
761 3313 800 3365 sq.
816 3299 853 3366 (p.
870 3301 912 3366 τε,
928 3297 1177 3366 5-77‚9Nau01‹).

255 3445 289 3493 14
308 3433 377 3494 αὐτὸ
403 3438 541 3510 Scaliger:
560 3434 637 3494 αάτώ
660 3440 670 3509 ΙΙ
692 3443 726 3494 27
746 3435 986 3509 συγκροτήσαντες
1008 3437 1056 3493 hie
1078 3439 1177 3494 codex:

164 3510 267 3591 εεοίίαε
281 3511 514 3592 συγχρονίσαντες
523 3510 580 3567 vit.
590 3510 672 3581 Pyth.
686 3511 732 3594 (ολ.
748 3511 834 3566 etiam
848 3526 934 3579 supra
942 3527 974 3635 φ.
985 3515 1028 3577 96,
1039 3511 1074 3579 5),
1094 3511 1125 3598 aij
1143 3510 1178 3565 si-

165 3581 270 3635 m1l1ter
284 3580 472 3652 (Iambl1eh.?)
482 3582 666 3654 Theologum.
676 3581 795 3638 Anthm.
806 3599 833 3651 p.
843 3589 888 3650 41,
898 3588 931 3637 29
968 3586 994 3637 st
1005 3598 1177 3651 αυνεχρονει.

1000 3876 1014 3912 λ
