2674 3932
422 196 693 252 PROTREPTICUS
713 200 745 266 (c.
761 198 890 269 xlsxss).
1118 201 1161 266 59

150 356 257 440 ἡδεῖα,
280 355 336 421 καὶ
360 360 417 440 ζῆν
439 356 545 440 ἡδέως
568 357 609 422 οὐ
631 358 756 435 πάντας
779 359 871 437 ὅσοις
889 363 966 438 ζῶσι
985 364 1161 446 συμβαίνει

14 484 25 540 g
150 466 294 547 χαίρειν,
323 458 395 528 ἀλλ’
421 454 472 540 οἷς
499 463 580 528 αὐτὸ
607 465 645 528 τὸ
674 467 731 548 ζῆν
758 464 824 547 ηδύ
845 463 901 531 καὶ
923 469 1077 551 χαίρουσι
1099 468 1161 551 την

152 568 216 634 άτιὸ
241 572 323 653 ζωῆς
346 568 482 651 ἡδονήν.
520 569 645 635 οὐκοῦν
667 571 705 635 τὸ
730 573 787 653 ζῆν
806 569 1009 656 ἀποδίδομεν
1031 579 1076 660 τῷ
1100 569 1162 657 μέν

75 699 138 742 ωε
152 673 347 760 ἐγρηγορότι
375 680 502 759 μᾶλλον
528 674 549 758 ἢ
577 683 622 762 τῷ
649 676 867 760 καθεύδοντι,
898 685 945 764 τῷ
977 687 1163 762 φρονοῦντι

152 775 189 844 δέ
212 779 232 862 ἢ
255 789 301 869 τῶ
325 781 450 865 άφρονι
473 785 610 865 μᾶλλον,
633 782 695 865 την
719 780 748 846 δ’
771 781 835 847 άπὸ
855 785 937 865 ζωῆς
955 782 1082 866 ἡδονὴν
1100 783 1190 866 τηυο

151 885 215 950 άπὸ
237 895 295 969 τῆς
318 891 465 972 χρήσεως
486 885 690 972 γιγνομένην
718 884 828 972 φαμέν
851 883 937 953 εἶναι
959 897 1017 972 τῆς
1039 896 1159 972 ψυχῆς·

151 1001 249 1058 τοῦτο
272 994 336 1078 γάρ
360 993 430 1058 έστι
452 995 489 1059 τὸ
514 997 571 1077 ζῆν
594 993 738 1076 άληθῶς.
783 995 815 1058 εί
830 997 948 1059 τοίνυν
970 991 1025 1059 καὶ
1043 991 1163 1059 πολλαὶ

150 1107 259 1182 ψυχῆς
281 1100 346 1164 είσι
369 1102 514 1183 χρήσεις,
545 1098 629 1165 άλλά
651 1098 836 1184 κυριωτάτη
860 1124 898 1183 γε
920 1110 1036 1165 πασῶν
1058 1098 1079 1182 ἡ
1102 1108 1163 1165 τοῦ

150 1214 292 1289 φρονεῖν
313 1205 377 1270 ὅτι
395 1206 542 1289 μάλιστα.
581 1207 685 1288 δῆλον
703 1207 820 1271 τοίνυν
839 1206 889 1271 ὅτι
903 1204 958 1272 καὶ
974 1207 1036 1290 την
1049 1229 1164 1290 γιγνο-

151 1309 255 1394 μένην
278 1310 341 1376 άπὸ
364 1319 425 1377 τοῦ
448 1320 589 1404 φρονεῖν
615 1309 671 1375 καὶ
693 1318 836 1397 θεωρεῖν
858 1310 986 1397 ἡδονὴν
1011 1310 1032 1396 ἣ
1055 1314 1162 1396 μόνην
1177 1331 1203 1371 1⁰

150 1416 171 1500 ἢ
195 1417 334 1502 μάλιστα
358 1416 539 1501 ἀναγκαῖον
564 1416 627 1482 άπὸ
650 1426 711 1482 τοῦ
736 1421 793 1502 ζῆν
816 1412 911 1484 εἶναι.
955 1419 993 1482 τὸ
1018 1421 1075 1500 ξῦν
1098 1419 1163 1502 άρα

149 1520 256 1604 ἡδέως
273 1519 328 1586 καὶ
344 1522 381 1585 τὸ
396 1524 523 1607 χαίρειν
542 1522 587 1599 ὡς
605 1521 740 1599 άληθῶς
757 1525 832 1606 ἤτοι
849 1526 965 1607 μόνοις
982 1522 1003 1606 ἢ
1022 1523 1162 1607 μάλιστα

149 1626 290 1711 ὑπάρχει
321 1637 391 1704 τοῖς
423 1630 630 1712 φιλοσόφοις.
678 1628 699 1710 ἡ
732 1629 796 1713 γάρ
828 1638 896 1693 τῶν
927 1628 1162 1711 ἀληθεστάτων

150 1735 302 1815 νοησεων
320 1731 470 1816 ἐνέργεια
488 1731 543 1797 καὶ
562 1732 626 1797 άαὸ
645 1743 712 1798 τῶν
730 1735 872 1818 μάλιστα
891 1735 998 1798 όντων
1017 1737 1162 1817 αληρου-

62 1861 137 1903 ιτοκ.
151 1837 233 1922 μένη
247 1835 303 1902 καὶ
318 1837 480 1920 στέγουσα
495 1835 545 1904 ἀεὶ
563 1842 711 1923 μονίμως
725 1840 786 1923 την
805 1836 1024 1923 ἐνδιδομένην
1042 1840 1163 1904 τελειό-
1178 1856 1204 1898 1⁵

150 1967 241 2028 τητα,
263 1945 345 2028 αὐτη
365 1955 480 2010 πασῶν
502 1943 571 2009 έστι
588 1943 644 2009 καὶ
662 1946 745 2030 πρὸς
763 1944 979 2030 εὐφροσύνην
997 1944 1164 2031 ἀνυσιμω-

151 2052 240 2134 τάτη.
286 2048 447 2115 ὥστεκαὶ
470 2047 515 2115 δι’
542 2050 624 2115 αὐτὸ
651 2052 689 2116 τὸ
712 2053 840 2137 χαίρειν
868 2053 926 2128 τάς
948 2051 1086 2135 ἀληθεῖς
1108 2051 1162 2118 καὶ

152 2157 281 2240 άγαθάς
303 2156 427 2239 ἡδονάς
450 2154 697 2240 φιλοσοφητέον
724 2153 793 2221 ἐστὶ
820 2166 890 2232 τοῖς
912 2165 997 2222 νοῦν
1020 2159 1163 2241 ἔχουσιν.

240 2259 312 2326 XII.
345 2261 390 2324 Εί
416 2257 453 2324 δέ
481 2262 535 2325 δεῖ
555 2263 599 2344 μὴ
623 2263 729 2345 μόνον
754 2259 818 2325 άπὸ
841 2271 908 2325 τῶν
932 2273 1042 2345 μερῶν
1063 2271 1162 2326 τοῦτο

153 2369 427 2450 συλλογίσασθαι,
443 2364 526 2430 άλλύ
538 2363 593 2430 καὶ
608 2363 671 2430 άτιὸ
686 2374 743 2448 τῆς
757 2365 836 2447 ὅλης
850 2364 1062 2448 εὐδαιμονίας
1077 2367 1162 2429 άνω-
1176 2383 1203 2423 νο

152 2480 216 2539 θεν
237 2476 274 2540 τὸ
293 2473 374 2538 αὐτὸ
392 2470 643 2553 κατασκευάσαι,
668 2467 814 2553 λέγωμεν
838 2471 1023 2554 διαρρήδην
1047 2470 1097 2534 ὅτι
1121 2471 1162 2554 δὴ

153 2579 198 2656 ὡς
216 2581 282 2664 ἔχει
300 2581 383 2665 πρὸς
396 2577 614 2662 εὐδαιμονίαν
628 2577 666 2641 τὸ
681 2580 891 2660 φιλοσοφεῖν,
911 2573 998 2638 οὕτω
1012 2571 1164 2659 καὶπρὸς

152 2686 189 2750 τὸ
218 2687 403 2750 σπουδαῖον
429 2683 509 2769 ἡμῖν
537 2683 558 2767 ἢ
586 2687 718 2768 φαῦλον
745 2676 832 2747 εἶναι
858 2680 940 2746 αὐτὸ
966 2680 1164 2747 διακεῖσθαι.

153 2791 261 2856 πάντα
285 2791 347 2873 γάρ
370 2791 410 2854 τά
432 2786 493 2873 μὲν
516 2791 599 2875 πρὸς
620 2796 718 2854 τοῦτο
741 2789 782 2853 τά
805 2783 841 2852 δὲ
863 2788 919 2852 διά
941 2796 1040 2854 τοῦτο
1063 2797 1164 2854 πᾶσιν

5 2943 7 2959 .
74 2915 139 2960 ιεε.
155 2892 301 2978 αίρετέου
324 2888 425 2974 εἶναι,
450 2891 505 2958 καὶ
528 2895 567 2957 τά
590 2890 651 2977 μὲν
674 2892 719 2968 ὡς
742 2890 903 2975 άυαγκαῖα
926 2904 993 2958 τῶν
1015 2893 1163 2978 τιραγμά-
1178 2909 1203 2950 2⁵

153 3023 221 3065 των
248 3000 288 3063 τά
316 2994 353 3063 δὲ
379 2996 461 3080 ἡδέα
488 2991 532 3061 δι’
558 2992 606 3062 ὧν
633 2997 907 3081 εὐδαιμονοῦμεν.
954 2998 1078 3063 οὐκοῦν
1101 3001 1163 3082 τὴν

154 3105 372 3189 εὐδαιμονίαν
397 3100 560 3186 τιθέμεθα
587 3104 662 3186 ἦτοι
694 3106 860 3187 φρόνησιν
890 3098 976 3167 εἶναι
1007 3106 1065 3168 καί
1089 3127 1164 3169 τινα

155 3215 279 3296 σοφίαν
301 3209 322 3293 ἢ
346 3210 407 3293 τὴν
431 3207 551 3293 άρετην
573 3207 594 3291 ἢ
614 3209 652 3273 τὸ
671 3209 811 3292 μάλιστα
829 3211 956 3293 χαίρειν
974 3207 1038 3293 <ἢ>
1056 3209 1163 3274 πάντα

153 3335 367 3346 —-———

225 3408 259 3457 23
278 3397 345 3471 ἡμῖν
359 3392 536 3475 <μᾶλλον>ἢ
553 3401 624 3456 coni.
638 3399 677 3454 K:
695 3399 874 3455 verisimilius
887 3419 913 3456 v.
928 3405 962 3454 22
977 3395 1164 3470 εὐδαιμονίαν

154 3466 192 3545 (ἢ
211 3472 457 3556 ιιακοδμιμονίαμ)
475 3471 604 3560 οοοὶοχεε,
623 3470 674 3526 sed
691 3471 1018 3554 neutrumuqecessarinss
1031 3471 1142 3526 videtur
1154 3472 1164 3544 Η

154 3549 189 3597 25
208 3541 530 3612 elvm1nduxenmn28
549 3563 567 3612 η
587 3545 741 3598 extremum
761 3541 1049 3598 add1d1tVulcamus.
