2674 3932
467 952 813 1045 PRAEFATIO.

200 1235 374 1302 Iamblichi
405 1235 646 1320 Protrepticum
685 1237 741 1321 qui
778 1241 853 1303 ante
891 1260 942 1303 me
980 1239 1151 1304 ediderunt

133 1341 297 1408 Iohannes
324 1341 477 1408 Aroerius
506 1342 729 1408 Theodoretus
758 1341 975 1430 (Franckerae
999 1368 1026 1410 a.
1047 1342 1149 1431 1598)

132 1451 166 1513 et
193 1449 393 1534 Theophilus
423 1449 591 1535 Kiessling
618 1447 760 1537 (Lipsiae
790 1473 818 1516 a
848 1450 949 1536 1813)
983 1452 1149 1518 codicibus

133 1555 185 1620 usi
209 1558 285 1619 sunt
308 1555 432 1620 mendis
455 1556 653 1641 turpissimis
677 1559 890 1642 scatentibus,
919 1580 1055 1642 quorum
1080 1559 1147 1622 exi-

135 1680 233 1744 guam
267 1660 439 1724 admodum
472 1665 599 1744 partem
630 1661 764 1726 sustulit
797 1663 957 1728 editorum
991 1662 1150 1728 sollertia.

134 1765 184 1830 Ac
213 1763 342 1830 ‘bonus’
372 1764 503 1848 quidem
527 1766 680 1831 Arcerius
707 1766 755 1831 ita
781 1767 968 1850 frequenter
996 1770 1029 1832 et
1054 1766 1149 1832 vehe-

134 1875 262 1937 menter
281 1871 482 1955 vituperatus
503 1876 553 1938 est
572 1873 613 1937 ab
633 1873 736 1938 doctis
756 1871 952 1958 hominibus,
973 1877 1011 1938 ut
1028 1873 1152 1958 pudeat

132 2000 218 2043 nunc
250 1976 425 2042 maledicta
457 1976 639 2042 maledictis
670 1977 785 2043 addere
794 1975 828 2064 ¹).
872 1977 1052 2063 Aliquanto
1085 2001 1150 2044 me-

134 2084 196 2149 lior
218 2087 268 2149 est
286 2083 480 2169 Kiesslingii
504 2083 614 2168 editio,
638 2085 693 2168 qui
715 2084 874 2149 nonnulla
898 2089 931 2150 et
952 2085 1022 2170 ipse
1042 2107 1081 2150 ex
1099 2085 1148 2150 in·

136 2189 232 2273 genic
258 2186 484 2275 emendaviti),
508 2189 637 2274 saepius
657 2197 765 2255 autem
783 2213 870 2256 nova
888 2190 1008 2255 damna
1025 2191 1149 2276 intulit,

133 2316 208 2359 cum
236 2294 325 2359 locos
350 2316 421 2359 non
447 2316 568 2378 paucos
595 2295 648 2359 vel
677 2295 848 2360 sanissime
872 2297 1013 2362 traditos
1038 2295 1148 2361 ‘corri-

134 2399 247 2486 geret',
266 2400 365 2465 idest
381 2398 568 2464 foedissime
583 2405 809 2483 corrumperet.
837 2401 998 2484 Exempla
1012 2401 1151 2486 colligat

134 2507 240 2592 quivis
260 2529 299 2571 ex
319 2507 432 2591 quavis
452 2506 519 2570 fere
534 2505 669 2592 pagina:
689 2503 833 2570 adferam
847 2506 1013 2572 nonnulla.
1044 2505 1079 2573 P.
1096 2507 1150 2592 60,

133 2614 175 2679 21
206 2613 380 2700 distinguit
407 2613 556 2696 θεωρίας
585 2611 791 2696 ἀμηχάνους,
820 2613 858 2678 τὸ
890 2611 1012 2688 κάλλος
1042 2611 1151 2678 ἀτενί-

208 2792 234 2858 1)
255 2789 331 2854 Qnae
354 2787 389 2841 ab
410 2786 523 2841 Arcerio
543 2786 662 2840 dicenda
681 2789 761 2841 erant
780 2785 851 2840 dixit
868 2785 1013 2842 Nanckius
1032 2787 1063 2841 in
1081 2787 1149 2843 Pro-

52 2923 53 2928 ,
133 2877 236 2946 legem.
262 2877 298 2931 ad
315 2875 373 2930 Vit.
393 2877 476 2944 Pyth.
495 2894 523 2945 p.
538 2874 563 2928 V
578 2874 642 2929 adn.
679 2873 777 2944 Neque
801 2875 902 2928 desunt
925 2874 954 2930 in
972 2875 1149 2946 Protreptico

133 2962 244 3018 Arcerii
261 2964 470 3019 emendationes
490 2966 519 3019 et
537 2963 722 3018 correctiones
743 2979 814 3033 quae
828 2962 952 3031 iniquius
971 2980 1031 3020 esse
1046 2963 1148 3020 Cobeti

134 3051 271 3108 iudicium
289 3053 435 3107 testentur.

207 3144 234 3211 2)
253 3140 402 3196 Invenerat
420 3159 446 3210 p.
463 3147 518 3210 9‚t
542 3141 580 3213 τῷ
605 3137 712 3210 σώματι
735 3139 781 3194 vel
803 3140 841 3212 τῷ
869 3136 978 3210 σώματι
1001 3136 1033 3193 τὸ
1057 3141 1146 3210 σῶμα,

136 3235 170 3285 15
190 3251 232 3298 τε,
253 3235 325 3297 16,1
345 3225 514 3300 ἀποτρέπει,
539 3233 581 3297 18,
595 3233 629 3283 21
650 3223 743 3302 οὕτωςΙ
757 3227 803 3282 vel
821 3223 915 3295 ὄντος,
935 3233 978 3295 29,
995 3234 1028 3282 10
1047 3233 1149 3298 ταῦτα,

134 3325 179 3389 36,
195 3325 230 3373 24
248 3309 375 3390 τοιαῧτα,
394 3325 438 3387 49,
454 3323 487 3372 12
508 3316 594 3373 ἕνεκα
612 3311 714 3372 τούτου
735 3316 802 3381 etc.;
821 3316 942 3370 coniecit
960 3313 1150 3389 aristoditos,

133 3427 180 3478 γε,
204 3403 367 3476 προτρέπει,
392 3401 493 3474 ὅντως,
514 3401 631 3473 ταύτης,
651 3405 794 3473 τοιαῦται,
815 3401 900 3458 ἕνεκά
920 3423 970 3458 του
989 3405 1056 3474 etc,
1075 3421 1149 3472 quae

132 3511 207 3550 nunc
232 3495 326 3548 omnia
348 3496 380 3548 ut
402 3494 590 3564 Kiesslingius
615 3494 774 3548 correxerat
797 3489 902 3546 obtulit
925 3491 1014 3546 codex
1031 3491 1146 3546 Floren-

133 3585 217 3639 tinus.
256 3583 406 3638 Praeterea
423 3583 457 3638 cf.
477 3583 579 3637 Adnot.
602 3580 669 3636 Orit.
974 3667 987 3696 *

951 3683 969 3720 a
