2670 3932
174 212 215 278 νς
583 211 772 267 Ιλυευευυῑ

174 374 264 453 δεξιά
283 372 469 459 ἐλευθέρως
488 370 569 440 οὐδὲ
583 374 748 460 ἁρμονίαν
765 378 876 458 λόγων
895 378 1056 459 λαβόντος
1075 375 1190 461 ὀρθῶς

173 483 320 566 ὑμνῆσαι
342 488 434 546 θεῶν
452 504 487 546 τε
510 479 565 547 καὶ
584 480 719 564 ἀνδρῶν
739 482 948 566 εὐδαιμόνων
971 485 1048 566 βίον
1067 481 1189 565 ἀληθῆ.
1315 481 1316 486 ’

175 583 267 673 οἶμαι
303 589 345 671 δη
378 582 456 670 οὖν,
493 589 525 652 εί
559 590 733 653 πείθοιντο
766 588 802 652 οί
835 589 1012 675 ἀνθρωποι
1048 589 1191 670 τούτοις,
1316 629 1317 664 1

175 697 314 760 πλείονα
346 693 388 758 ἀν
418 695 556 779 εἰρήνην
592 691 648 758 καὶ
683 695 768 759 κακά
804 693 926 760 ἐλάττω
963 689 1034 760 κατ’
1069 694 1192 772 αὐτοὺς
1315 760 1318 794 4

150 805 324 868 ῦέσεσθαι.
368 803 409 865 τά
437 796 499 884 μέν
527 795 590 865 οὖν
617 802 701 866 κακά
728 796 799 866 οὔτ’
830 799 1015 867 ἀπολέσθαι
1045 803 1192 867 δυνατόν

179 907 396 996 (ὑπεναντίον
418 907 482 992 γάρ
501 929 532 972 τι
550 914 595 995 τῷ
616 905 733 996 ἀγαθῷ
754 904 804 972 ἀεὶ
828 903 914 973 εἶναι
938 906 1093 992 ἀνάγκη),
1118 904 1189 972 οὔτ’
1318 958 1319 962 ,

179 1013 216 1080 ἐν
244 1020 338 1091 θεοῖς
354 1014 450 1080 -αύτά
479 1013 654 1097 ίδρύσθαι,
686 1013 748 1095 την
780 1010 816 1079 δὲ
843 1015 975 1097 θνητὴν
1005 1015 1111 1098 φύσιν
1138 1011 1194 1078 καὶ

180 1121 278 1186 τόνδε
301 1121 361 1185 τὸν
384 1122 488 1186 τόπον
510 1125 685 1204 περιπολεῖ
709 1118 743 1197 ἐξ
769 1119 922 1202 ἀνάγκης.
965 1121 1019 1185 διὸ
1041 1117 1097 1185 καὶ
1124 1141 1193 1185 πει·
1207 1133 1272 1176 9οΑ-

182 1233 307 1312 ράσθαι
320 1227 382 1312 χρὴ
398 1223 538 1291 ἐνθένδε
557 1225 661 1291 ἐκεῖσε
679 1226 819 1308 φεύγειν
838 1227 856 1291 ὁ
872 1249 904 1290 τι
922 1226 1067 1309 τάχιστα.
1103 1227 1195 1310 φυγὴ

142 1351 168 1390 10
183 1329 220 1398 δὲ
238 1332 396 1416 ὁμοίωσις
413 1338 483 1419 θεῷ
499 1332 581 1396 κατά
598 1332 635 1396 τὸ
656 1333 817 1397 δυνατόν·
836 1331 994 1416 ὁμοίωσις
1012 1329 1049 1397 δὲ
1065 1334 1196 1398 δίκαιον

182 1437 238 1504 καὶ
267 1439 362 1504 ὅσιον
392 1439 473 1524 μετά
504 1441 701 1524 φρονήσεως
731 1436 899 1522 γενέσθαι.
945 1438 1028 1504 ἀλλά
1059 1441 1122 1525 γὰρ
1155 1439 1197 1504 ού

183 1546 272 1611 πάνυ
296 1541 415 1633 ῥᾴδιον
438 1555 563 1627 πεῖσαι,
592 1544 637 1621 ὡς
659 1545 723 1628 ἀρα
747 1545 808 1628 οὐχ
832 1539 881 1610 ὧν
903 1543 1000 1610 ἕνεκα
1023 1545 1059 1610 οί
1078 1547 1201 1611 πολλοί
1321 1552 1322 1604 3

185 1668 269 1736 φασι
296 1653 368 1717 δεῖν
395 1654 562 1737 πονηρίαν
590 1649 652 1735 μὲν
675 1651 813 1736 φεύγειν
841 1650 962 1737 ἀρετὴν
986 1648 1023 1717 δέ
1052 1652 1197 1735 διώκειν,
1315 1739 1318 1744 ,

185 1760 314 1825 τούτων
341 1758 438 1844 χάριν
466 1758 503 1822 τὸ
532 1753 593 1841 μὲν
618 1756 850 1840 ἐπιτηδευτέον
879 1758 916 1822 τὸ
940 1755 972 1822 δ’
999 1759 1051 1842 ού,
1075 1759 1131 1824 ἵνα
1155 1759 1196 1842 δη
1212 1773 1288 1814 224Κ-
1322 1750 1323 1804 ί

146 1883 172 1922 1⁵
186 1866 230 1949 μη
254 1865 353 1941 κακὸς
375 1862 431 1928 καὶ
453 1863 510 1928 ἴνα
533 1862 662 1947 ἀγαθὸς
686 1864 767 1948 δοκῇ
791 1858 885 1930 εἶναι.
926 1874 1029 1930 ταῦτα
1052 1862 1113 1950 μὲν
1135 1865 1199 1950 γάρ

187 1971 277 2037 ἐστιν
305 1970 323 2035 ὁ
352 1971 529 2053 λεγόμενος
559 1979 674 2056 γραῶν
701 1970 823 2054 ὕθλος,
857 1971 902 2047 ὡς
930 1970 1002 2056 ἐμοί
1032 1975 1200 2056 φαίνεται·

179 2079 223 2142 -τὸ
257 2073 294 2142 δὲ
326 2072 450 2159 ἀληθές
482 2071 547 2141 ὦδε
577 2075 727 2160 λέγομεν.
772 2077 852 2154 θεὸς
884 2076 1014 2163 οὐδαμῇ
1047 2078 1201 2162 οὐδαμῶς

188 2184 317 2267 ἀδικος,
350 2180 422 2248 ἀλλ’
449 2183 494 2260 ὡς
522 2175 595 2248 οἷόν
621 2205 657 2247 τε
685 2183 907 2267 δικαιότατος,
937 2181 993 2248 καὶ
1020 2185 1083 2249 οὐκ
1110 2187 1201 2250 ἔστιν

189 2291 279 2379 αὐτῷ
303 2290 499 2375 ὁμοιότερον
518 2285 619 2354 οὐδέν
637 2287 657 2372 ἣ
677 2288 713 2366 δς
732 2287 774 2354 ἀν
795 2289 889 2372 ἡμῶν
909 2284 952 2354 αὖ
974 2288 1110 2373 γε’νηται
1133 2291 1151 2356 ό
1170 2315 1202 2356 τι

148 2412 175 2452 2⁰
190 2398 405 2473 δικαιότατος.
451 2393 527 2479 περὶ
558 2404 657 2461 τοῦτο
685 2393 741 2461 καὶ
767 2395 788 2479 η
817 2396 862 2472 ὡς
889 2395 1024 2479 ἀληθῶς
1052 2397 1204 2482 δεινότης

189 2504 312 2588 ἀνδρὸς
339 2502 394 2568 καί
416 2503 437 2587 ἡ
461 2501 616 2568 οὐδένειά
637 2525 673 2566 τε
699 2499 755 2566 καὶ
779 2501 952 2588 ἀνανδρία.
998 2502 1019 2586 ἡ
1050 2500 1111 2587 μέν
1139 2505 1203 2588 γάρ

189 2611 312 2676 τούτου
334 2620 458 2694 γνῶσις
480 2611 584 2691 σοφία
606 2605 662 2672 καὶ
685 2607 784 2693 ἀρετη
804 2607 960 2691 ἀληθινή,
983 2609 1004 2693 ἡ
1028 2606 1065 2674 δέ
1084 2611 1204 2692 ἀγνοια

190 2716 319 2801 ἀμαθία
341 2714 397 2781 καὶ
418 2717 516 2781 κακία
540 2713 694 2800 ἐναργής·
727 2714 764 2778 αί
785 2711 822 2779 δὲ
845 2716 942 2780 ἀλλαι
966 2715 1152 2798 δεινότητές
1169 2740 1205 2781 τε

191 2823 352 2887 δοκοῦσαι
384 2819 440 2886 καὶ
471 2823 589 2905 σοφίαι
622 2819 658 2886 ἐν
686 2817 747 2905 μὲν
778 2826 962 2898 πολιτικαῖς
995 2822 1206 2900 δυναστείαις

150 2943 177 2986 25
190 2932 385 3013 γιγνόμεναι
409 2931 574 3015 φορτικαί,
598 2927 635 2994 ἐν
660 2924 697 2993 δὲ
718 2925 849 3013 τέχναις
868 2929 1040 3012 βάναυσοι.
1076 2937 1122 3018 τῷ
1142 2925 1205 2995 οὖν

191 3037 366 3103 ἀδικοῦντι
379 3034 435 3101 καὶ
454 3035 574 3100 ἀνόσια
593 3035 723 3119 λε’γοντι
738 3034 759 3119 ἢ
773 3035 952 3121 πράττοντι
965 3043 1079 3125 μακρῷ
1094 3032 1203 3120 ἄριστ’
1221 3047 1282 3088 91A·

192 3149 257 3230 ἔχει
281 3167 312 3208 τι
334 3144 372 3208 τὸ
396 3144 440 3228 μη
460 3151 646 3227 συγχωρεῖν
670 3142 769 3230 δεινῷ
794 3140 858 3206 ὑπὸ
878 3145 1083 3227 πανουργίας
1106 3137 1207 3208 εἶναι·
1323 3205 1324 3208 ,

192 3252 393 3336 ἀγάλλονται
415 3251 480 3335 γάρ
503 3255 549 3335 τῷ
568 3247 692 3313 ὀνείδει
714 3245 770 3313 καὶ
794 3253 922 3313 οῖονται
941 3247 1076 3314 ἀκούειν
1095 3249 1145 3314 ὅτι
1166 3250 1208 3315 ού

192 3358 293 3442 λῆροί
312 3357 389 3438 είσι,
412 3363 472 3438 γῆς
494 3355 601 3430 άλλως
619 3355 718 3437 ἀχθη,
743 3353 826 3418 ἀλλά
844 3354 965 3438 ἀνδρες
983 3355 1078 3433 οἴους
1100 3357 1154 3421 δεῖ
1171 3355 1209 3421 έν

283 3585 316 3632 21
337 3575 479 3646 ἀνανδρία
498 3577 557 3631 PA:
577 3573 695 3644 ἀνδρεία
709 3579 719 3645 ΙΙ
733 3582 768 3631 24
786 3579 923 3635 δοκοῦσαι
940 3582 1001 3636 ΡΑε
1021 3583 1146 3638 δοκοῦσι.
