2674 3932
430 207 702 264 Ριιοεευετιουε
722 211 756 278 (ι,
771 210 841 280 vn).
1100 209 1144 273 43

128 371 254 437 οὐκοῦν
277 379 335 454 τῆς
358 378 569 456 φρονήσεως,
598 372 640 454 ήν
668 395 779 456 φαμεν
803 373 948 457 δύναμιν
971 367 1056 437 εἶναι
1083 380 1144 437 τοῦ

126 478 334 561 κυριωτάτου
353 486 420 542 τῶν
440 477 477 543 έν
495 476 586 561 ἡμῖν,
606 477 667 543 οὐκ
682 481 773 544 ἔστιν
792 480 1011 565 αἱρετώτερον
1030 477 1142 562 οὐδέν,

128 584 173 660 ὡς
195 582 261 662 ἕξις
283 585 366 670 πρὸς
388 582 458 662 ἕξιν
475 587 666 669 κρίνεσθαι·
690 586 728 650 τὸ
752 587 815 671 γδιρ
839 587 1025 670 γνωστικὸν
1043 584 1143 671 μέρος

125 688 181 754 καί
213 687 314 776 χωρὶς
345 686 401 754 καὶ
433 691 651 773 συγκείμενον
682 689 814 773 βέλτιόν
847 691 916 756 ἐστι
947 692 1055 774 πάσης
1085 699 1143 773 τῆς

125 806 248 882 ψυχῆς,
285 797 407 861 τούτου
440 791 476 860 δὲ
509 793 669 880 ἐπιστήμη
703 796 812 883 ἀρετή.
859 798 922 863 οὐκ
953 798 1017 884 ἄρα
1051 794 1169 862 έστὶνσ

126 905 227 987 ἔργον
250 903 351 986 αὐτῆς
374 903 514 986 οὐδεμία
537 913 604 968 τῶν
627 905 709 968 κατὰ
733 901 833 987 μέρος
854 901 1045 988 λεγομένοιν
1068 903 1142 989 ἀρε-

126 1020 209 1074 τῶν·
230 1021 347 1076 πασῶν
365 1010 429 1093 γάρ
449 1008 519 1073 ἐστι
537 1011 688 1092 βελτίων,
711 1011 749 1074 τὸ
770 1006 807 1075 δὲ
827 1011 1031 1094 ποιούμενον
1048 1009 1143 1086 τέλος

125 1113 176 1180 ἀεὶ
202 1118 353 1202 κρεῖττόν
381 1114 450 1180 ἐστι
478 1122 535 1198 τῆς
561 1115 724 1199 ποιούσης
746 1114 938 1200 ἐπιστήμης·
968 1113 1048 1181 οὐδὲ
1076 1118 1142 1201 μήν

35 1240 111 1279 1221(-
126 1221 236 1287 ἅπασα
263 1231 322 1308 τῆς
349 1229 456 1306 ψυχῆς
484 1219 582 1306 ἀρετή
612 1222 717 1298 οὕτως
751 1224 852 1309 ἔργον
879 1218 952 1288 οὐδ’
982 1222 1003 1306 η
1032 1223 1141 1288 εὐδαι-

46 1345 111 1386 4⁷A.
126 1329 234 1411 μονία.
281 1329 313 1393 εί
341 1329 405 1413 γὰρ
435 1331 526 1393 έσται
557 1330 726 1412 ποιητική,
760 1327 854 1415 έτέρα
889 1326 1011 1415 ἑτέρων
1038 1332 1140 1414 ἔσται,
1157 1346 1182 1386 1⁰

125 1433 235 1520 ὥσπερ
268 1435 462 1518 οἰκοδομική
496 1435 616 1516 οίκίας,
654 1435 727 1518 ἥτις
758 1435 821 1500 οὐκ
852 1438 922 1500 ἔστι
953 1434 1053 1521 μέρος
1084 1445 1142 1520 τής

125 1539 248 1622 οἰκίας,
271 1538 291 1622 ή
316 1537 430 1623 μέντοι
453 1542 617 1624 φρόνησις
640 1542 760 1623 μόριον
778 1549 836 1623 τῆς
859 1541 976 1624 ἀρετῆς
999 1540 1142 1607 ἐστικαὶ

123 1652 182 1727 τῆς
214 1643 440 1728 εὐδαιμονίας·
473 1645 493 1728 ή
526 1645 589 1730 γὰρ
618 1644 655 1709 ἐκ
681 1646 803 1728 ταύτης
829 1644 850 1728 ἣ
878 1647 1003 1728 ταύτην
1030 1645 1141 1731 φαμὲν

125 1745 213 1814 εἶναι
240 1750 302 1834 τήν
330 1751 557 1835 εὐδαιμονίαν.
604 1751 730 1817 οὐκοῦν
756 1749 812 1816 καὶ
841 1752 924 1816 κατδι
950 1753 1010 1816 τὸν
1037 1755 1140 1834 λόγον

124 1863 247 1921 τοῦτον
263 1847 440 1922 ’ἀδύνατον
459 1851 546 1922 εἶναι
569 1858 630 1940 τήν
651 1855 835 1941 ἐπιστήμην
853 1859 1042 1941 ποιητικήν·
1066 1857 1139 1941 βέλ-
1155 1875 1181 1916 1⁶

124 1983 198 2027 τιον
221 1963 284 2048 γὰρ
309 1963 363 2026 δεῖ
383 1963 420 2027 τὸ
443 1961 537 2039 τέλος
555 1957 642 2028 εἶναι
663 1971 725 2028 τοῦ
745 1962 958 2049 γιγνομένου,
983 1960 1085 2030 οὐδὲν
1103 1963 1140 2032 δὲ

125 2065 258 2150 βέλτιον
281 2063 367 2134 εἶναι
390 2072 602 2155 φρονήσεως,
630 2071 718 2153 πλὴν
741 2075 775 2134 εί
793 2094 825 2134 τι
847 2081 915 2135 τῶν
944 2069 1139 2156 είρημένυν,

125 2174 255 2240 τούτων
283 2172 320 2240 δὲ
350 2172 452 2241 οὐδὲν
480 2175 595 2262 ἕτερον
618 2176 719 2260 αὐτῆς
742 2174 832 2241 ἐστιν
856 2179 964 2262 ἔργον.
1010 2183 1140 2263 θεωρη-

125 2282 220 2363 τικήν
247 2305 323 2346 τινα
350 2283 415 2367 ἄρα
443 2279 568 2366 φατέον
592 2276 679 2346 εἶναι
708 2282 833 2365 ταύτην
860 2283 922 2365 τήν
946 2283 1139 2368 ἐπιστήμην,

126 2386 257 2473 ἐπείπερ
281 2388 449 2453 ἀδύνατον
472 2390 609 2472 ποίησιν
633 2382 720 2452 εἶναι
742 2388 780 2452 τὸ
798 2386 899 2464 τέλος.
940 2389 978 2453 τὸ
998 2403 1139 2475 φρονεῖν
1154 2408 1180 2448 2⁰

125 2495 190 2579 ἄρα
211 2492 268 2560 καὶ
290 2497 327 2560 τὸ
350 2500 496 2580 θεωρεῖν
519 2497 619 2580 ἔργον
641 2503 700 2578 της
722 2494 840 2578 ἀρετῆς
869 2493 939 2558 ἐστι
961 2494 1017 2560 καί
1039 2506 1138 2563 τοῦτο

124 2601 260 2666 πάντων
293 2599 383 2666 ἐστὶν
404 2601 641 2684 ιαίρετῶτατον
675 2611 745 2677 τοῖς
781 2600 990 2685 ἀνθρώποις,
1029 2602 1139 2687 ὥσπερ

126 2701 216 2790 οἶμαι
239 2705 354 2772 καὶτὸ
377 2719 448 2784 τοῖς
470 2694 614 2792 ὄμμασιν
638 2706 736 2792 ὁρᾶν,
766 2705 784 2771 ὃ
814 2704 870 2770 καὶ
893 2704 1001 2772 έλοιτό
1024 2730 1074 2785 τις
1097 2707 1139 2774 δν

125 2815 227 2896 ἔχειν,
258 2815 289 2878 εί
314 2811 369 2878 καὶ
392 2816 437 2898 μή
464 2836 497 2878 τι
526 2812 640 2898 μέλλοι
670 2815 849 2897 γίγνεσθαι
873 2809 917 2877 δι’
949 2814 1029 2880 αὐτὸ
1057 2812 1135 2902 παρ’

126 2918 231 3002 αὐτὴν
249 2921 311 3003 τήν
335 2921 415 2997 ὐψιν
438 2918 561 3003 ἕτερον.
604 2921 651 2984 ἔτι
670 2920 701 2984 εί
721 2920 758 2984 τὸ
782 2919 866 3002 ὁρᾶν
889 2918 1068 3005 ἀγαπῶμεν
1092 2922 1135 2987 δι’
1153 2939 1180 2979 25

126 3024 239 3110 ἑαυτό,
268 3027 390 3103 ίιιανῶς
412 3035 575 3111 μαρτυρεῖ
598 3034 697 3091 τοῦτο
722 3027 772 3091 ὅτι
794 3027 916 3102 πάντες
937 3026 975 3090 τὸ
999 3038 1140 3112 φρονεῖν

125 3129 181 3196 καὶ
216 3134 254 3198 τὸ
291 3134 490 3216 γιγνώσκειν
528 3131 672 3216 ἐσχάτως
708 3131 890 3215 ἀγαπῶσιν.
941 3134 989 3196 ἔτι
1026 3138 1059 3196 εί
1090 3155 1141 3210 τις

35 3256 111 3297 αεκ.
126 3237 238 3327 ἀγαπᾷ
265 3241 342 3306 τόδε
370 3261 401 3305 τι
425 3240 481 3304 διὰ
507 3240 545 3305 τὸ
568 3235 813 3322 συμβεβηκέναι
836 3237 951 3323 ἕτερον
979 3237 1068 3326 αὐτῷ
1096 3263 1140 3324 τι,

127 3346 231 3429 δῆλον
254 3347 306 3411 ὅτι
329 3349 457 3430 μᾶλλον
476 3339 573 3421 οὗτος
592 3345 791 3428 βουλήσεται
809 3334 835 3431 ᾧ
855 3340 982 3428 μᾶλλον
1000 3343 1139 3430 ὑπάρχει

216 3574 316 3630 δέοιλ.
336 3569 373 3638 ὡς
392 3572 451 3640 ἕξιν
470 3577 480 3644 ΙΙ
501 3581 532 3630 17
552 3573 615 3629 sort.
640 3568 749 3645 βέλτιόν
774 3566 832 3626 ἐστι
850 3573 858 3642 ΙΙ
877 3577 911 3625 24
935 3569 974 3626 δι’
998 3567 1086 3628 αὐτοῦ
1106 3573 1139 3629 Κ.
