2674 3932
180 231 218 287 VI
578 228 794 286 PRAEFATIO.

180 395 337 478 proposui
356 398 393 459 ut
409 392 642 459 Iamblicheum
661 397 830 458 centonem
849 390 1062 469 emendarem,
1081 410 1193 453 verum

183 504 219 565 ut
251 501 369 566 codicis
397 500 579 566 Florentini
612 500 788 584 scripturas
822 519 919 583 quam
951 495 1192 562 accuratissime

185 607 346 672 referrem.
393 604 544 672 (lodicem
577 605 678 691 igitur
710 606 756 669 ita
789 603 925 686 contuli,
957 606 994 667 ut
1026 602 1115 667 nulla
1142 623 1193 666 me

182 713 333 798 effugisse
353 716 534 777 memoratu
554 711 652 796 digna
673 710 791 776 acriter
805 707 1009 792 contendam3
1034 711 1067 771 et
1081 729 1195 791 quam-

183 841 289 903 quam,
312 819 425 902 paucis
445 816 586 902 exceptis
604 816 696 900 locis,
714 816 860 901 priorum
880 814 1058 880 editionum
1077 813 1194 879 diacre·

182 930 298 1010 pantes
332 925 510 1009 scripturas
542 924 577 988 in
604 923 815 988 adnotatione
842 943 910 986 non
937 921 1195 1005 commemoravi,

183 1031 279 1096 fidem
303 1030 383 1094 mihi
402 1031 453 1096 vel
472 1029 594 1096 tacenti
612 1029 726 1094 baberi
745 1029 856 1114 velim3
879 1026 965 1112 quod
985 1027 1026 1092 ab
1045 1026 1195 1092 omnibus

183 1159 234 1201 me
264 1136 360 1202 facile
390 1137 640 1220 impetraturum
672 1135 798 1200 confido
830 1133 886 1218 qui
914 1134 1019 1199 sciant
1048 1132 1194 1218 singulas

183 1243 336 1309 editionis
360 1265 451 1308 meae
474 1242 624 1327 plagulas
649 1263 722 1307 cum
741 1239 818 1307 (lod.
838 1241 923 1306 Flor.
943 1240 985 1305 ab
1003 1239 1045 1306 Η.
1060 1238 1195 1305 Vitellio

184 1371 313 1414 rursum
341 1371 411 1414 esse
435 1350 591 1415 conlatas.
637 1348 835 1413 Litterarum
859 1346 1049 1431 compendia
1073 1346 1196 1430 aliquo·

184 1455 267 1520 tiens
286 1455 323 1519 in
340 1455 550 1520 adnotatione
568 1455 681 1521 critica
695 1453 957 1535 commemoravi,
976 1474 1048 1517 cum
1061 1455 1196 1537 propter

185 1561 354 1645 perplexas
383 1582 494 1626 eorum
521 1560 643 1625 formas
673 1557 752 1647 (quo
782 1559 820 1625 de
848 1558 1020 1644 diligenter
1044 1558 1198 1623 disseruit

185 1667 217 1732 N
219 1668 351 1734 auckius
370 1668 389 1732 l.
404 1690 430 1733 c.
448 1690 479 1752 p.
494 1665 653 1732 XXXVII
667 1663 750 1752 sqq.)
767 1664 842 1751 quid
858 1665 893 1729 in
908 1663 1097 1730 Florentino
1111 1663 1197 1748 lege·

183 1776 273 1838 retur
294 1773 328 1837 in
349 1774 484 1839 dubium
506 1774 615 1839 vocari
638 1777 762 1858 posset:
785 1772 819 1836 in
838 1796 859 1838 ν
878 1771 1102 1859 ἐφελκνσνικῷ
1121 1774 1196 1836 ante

184 1883 399 1944 consonantes
418 1880 579 1964 ponendo,
597 1879 631 1942 in
650 1878 745 1961 ὑγεία
762 1878 814 1944 uel
829 1877 938 1962 ὑγίεια
952 1878 1130 1962 scribendo,
1148 1875 1198 1942 νέ-

185 1989 260 2060 teos
282 1985 332 2050 vel
352 1984 485 2067 τέλειος,
508 1989 706 2051 τελεοῦσθαι
724 1985 776 2050 rel
795 1989 1017 2067 τελειοῦσθαι,
1040 1987 1198 2068 γίνεσθαι

185 2089 238 2155 vel
260 2091 448 2174 γίγνεσθαι,
473 2090 559 2157 οὕτω
583 2091 634 2156 vel
657 2090 763 2168 οὕτως
783 2091 854 2156 sim.
876 2091 1035 2174 optimum
1055 2091 1198 2157 codicem

186 2217 257 2260 sum
281 2201 417 2261 secutus.
454 2195 583 2282 Ubique
606 2219 682 2262 vero
706 2196 821 2280 scripsi
842 2200 936 2284 ζῷον,
961 2194 1088 2283 σῴζειν,
1112 2193 1198 2282 θνῄ-

185 2319 288 2385 σκειν,
312 2299 510 2389 μιμνῄσκειν
530 2305 611 2389 sim,
629 2303 776 2388 quamvis
792 2306 887 2385 ζῶον,
912 2303 1028 2381 σώζειν
1047 2306 1106 2367 etc.
1125 2324 1199 2368 con·

185 2413 309 2474 stanter
332 2410 486 2494 praebeat
509 2409 623 2496 codex,
646 2415 680 2476 et
702 2410 737 2474 in
759 2409 867 2475 verbis
891 2409 1007 2487 σώζειν
1034 2409 1197 2493 θνήσκειν

186 2517 383 2599 μιμνήσκειν
406 2541 419 2580 ι
441 2538 611 2600 perperam
634 2516 781 2580 additum
804 2520 897 2600 putet
922 2513 1038 2600 Cobet,
1061 2515 1197 2582 Miscell.

187 2620 267 2686 Orit.
284 2644 316 2706 p.
333 2620 403 2686 XV.
441 2620 614 2686 Praeterea
633 2622 732 2686 tacite
750 2621 941 2706 plerumque
960 2622 1083 2686 mutavi
1100 2621 1199 2686 inter·

186 2728 393 2812 punctionem
414 2730 455 2811 et,
479 2749 552 2792 cum
571 2749 591 2791 a
608 2730 737 2811 recepto
756 2749 816 2791 usu
835 2726 1064 2810 discreparent,
1087 2748 1198 2792 accen·

186 2838 249 2899 tus.
277 2831 495 2899 Numerorum
509 2837 604 2898 notas
620 2833 822 2920 marginibus
837 2833 869 2896 in
886 2832 996 2897 codice
1011 2832 1199 2916 adscriptas,

188 3042 220 3097 di
242 3042 342 3098 noticia.
366 3041 473 3098 clarel
495 3061 523 3112 p.
544 3048 577 3097 10
592 3043 677 3113 sqq),
705 3040 779 3095 unde
805 3041 893 3096 multo
920 3041 1113 3096 emendatiora
1135 3057 1198 3110 pro·

187 3147 290 3200 ponere
312 3133 425 3200 poterat
447 3129 626 3187 doctissimus
645 3129 877 3184 Aristoteleorum
897 3127 1118 3199 fragmentorum
1140 3129 1199 3184 edi·

186 3219 232 3274 tor
255 3218 422 3275 Valentinus
448 3221 540 3275 Rosa
569 3219 614 3289 (in
646 3217 774 3288 exemplo
804 3217 1023 3288 Teubneriano).
1061 3218 1199 3273 Martinus

186 3323 298 3378 quoque
323 3306 521 3376 Schannins,
549 3306 578 3361 in
602 3306 730 3362 Platonis
753 3305 886 3377 dialogis,
913 3323 983 3376 quos
1006 3309 1072 3376 post
1093 3323 1198 3361 annum

187 3392 423 3450 Moccctxxiv
445 3395 674 3464 locupletissimis
693 3393 924 3450 adnotationibus
944 3395 1096 3450 instructos
1115 3395 1201 3450 odon-

189 3482 239 3536 dos
259 3481 378 3549 curavit,
402 3483 490 3536 utitur
513 3483 625 3552 quidem
649 3480 767 3551 cebete,
795 3483 843 3536 sed
867 3483 1020 3538 desultoria
1038 3485 1071 3538 ut
1089 3482 1202 3538 videtur

184 3584 286 3638 opera:
305 3586 331 3623 v.
351 3568 387 3621 ad
406 3569 489 3638 Gorg.
507 3575 560 3624 493
575 3569 608 3626 Α.
627 3570 772 3626 Menexen.
792 3571 882 3625 aral
902 3571 954 3625 etc.
