2670 3932
398 195 673 253 PROTREPTICUS
693 201 727 268 (ο.
742 197 815 253 XIX.
830 198 901 267 XX).
1114 200 1157 264 93

142 360 254 444 ἀγαθά
288 359 429 443 λέγεται·
461 357 517 424 καὶ
548 360 611 443 γάρ
641 358 702 436 ὀξὺ
733 358 816 445 ὁρῶν
848 357 903 426 καί
936 359 1071 426 ἀκούειν
1102 360 1158 427 καὶ

141 467 248 531 πάντα
276 466 338 530 ὅσα
366 467 472 550 ἔχεται
499 476 568 530 τῶν
600 466 792 548 αἰσθήσεων
824 465 1031 550 εὐαισθήτως
1058 469 1157 551 ἔχειν,

142 573 189 636 έτι
213 567 250 636 δὲ
277 568 333 636 καλ
360 573 398 636 τὸ
421 581 531 636 ποιεῖν
553 580 786 657 τυραννοῦντα
810 571 828 636 ὁ
851 594 883 635 τι
911 570 975 636 δάν
998 571 1156 657 έπνθυμη,

141 674 256 742 καὶτὸ
281 678 322 760 δὴ
345 675 439 753 τέλος
461 675 590 759 ἀπάσης
612 678 853 763 μακαριότητος
880 671 966 742 εἶναι
990 679 1027 743 τὸ
1050 679 1158 743 πάντα

141 792 244 848 ταῦτα
280 782 482 868 κεκτημένον
519 783 693 849 ἀθάνατον
729 777 816 849 είναι
852 786 1035 868 γενόμενον
1071 783 1185 848 ότιε

141 889 284 974 τάχιοτα.
331 888 349 953 ὁ
379 886 416 953 δὲ
440 887 517 974 έμὸς
544 891 643 974 λόγος
665 887 741 954 ταδί
765 887 868 973 λέγει,
897 889 942 964 ὡς
963 889 1067 955 ταῦτά
1089 888 1158 954 ἐστι

143 996 313 1081 ξύμπαντα
346 995 487 1071 δικαίοις
524 991 586 1079 μὲν
618 993 675 1059 καὶ
708 994 814 1071 ὁσίοις
845 994 1009 1080 ἀνδράσιν
1041 995 1159 1080 ἄριστα

142 1103 299 1184 κτήματα,
324 1099 452 1176 ἀδίκοις
475 1095 512 1165 δὲ
535 1099 672 1164 κάκιστα
696 1099 879 1183 ξύμπαντα,
903 1099 1069 1184 ἀρξάμενα
1093 1099 1157 1165 ἀπὸ

142 1216 200 1290 τῆς
227 1206 348 1288 ὑγείας.
394 1202 450 1270 καὶ
478 1205 519 1288 δη
547 1202 603 1268 καὶ
630 1207 668 1270 τὸ
697 1204 780 1289 ὁρᾶν
802 1203 858 1271 καὶ
884 1207 921 1270 τὸ
945 1205 1080 1271 ἀκούειν
1102 1205 1158 1272 καὶ

144 1313 368 1378 αίσθάνεσθαι
391 1309 447 1376 καὶ
470 1312 507 1375 τὸ
530 1309 686 1395 παράπαν
711 1315 768 1394 ζῆν
792 1309 949 1395 μέγιστον
970 1309 1031 1396 μὲν
1055 1313 1157 1378 κακὸν
1174 1334 1200 1374 ιο

142 1420 201 1484 τὸν
227 1418 398 1504 ξύμπαντα
421 1418 546 1501 χρόνον
569 1415 744 1482 ἀθάνατον
773 1417 854 1482 όντα
880 1415 936 1482 καλ
957 1417 1159 1503 κεκτημένον

142 1525 250 1590 πάντα
268 1525 308 1588 τὰ
328 1525 489 1606 λεγόμενα
504 1521 617 1605 ἀγαθά
634 1524 722 1605 πλὴν
737 1523 952 1606 δικαιοσύνης
969 1522 1025 1588 καὶ
1044 1524 1161 1608 ἀρετῆς

143 1631 283 1714 ἀπάσης,
304 1631 441 1693 ἔλαττον
456 1626 503 1711 δέ,
518 1607 565 1693 ’ἀν
580 1627 624 1704 ὡς
642 1627 812 1710 ὀλίγιστον
830 1627 849 1692 ὁ
867 1636 1019 1705 τοιοῦτος
1036 1632 1161 1714 χρόνον

144 1731 273 1823 ἐπιζρόη.
318 1732 403 1817 λέγω
431 1735 494 1818 γάρ
526 1735 567 1816 δὴ
596 1743 712 1819 σαφῶς
738 1734 779 1798 τά
808 1728 870 1817 μὲν
893 1735 976 1798 κακά
998 1738 1161 1820 λεγόμενα

144 1842 258 1925 ἀγαθά
275 1851 346 1917 τοῖς
364 1840 492 1916 ἀδίκοις
514 1834 610 1922 είυαι,
634 1849 704 1916 τοῖς
727 1836 764 1903 δὲ
783 1840 925 1917 δικαίοις
946 1840 1040 1924 κακά,
1063 1843 1103 1906 τά
1123 1839 1160 1908 δὲ
1176 1863 1200 1904 ιε

148 1948 262 2031 ἀγαθά
284 1957 353 2024 τοῖς
376 1943 437 2030 μὲν
461 1946 603 2029 ἀγαθοῖς
627 1946 732 2023 όντως
754 1944 876 2029 ἀγαθά,
899 1957 969 2022 τοῖς
993 1943 1029 2012 δὲ
1047 1959 1161 2027 κακοῖς

146 2055 238 2119 κακά.
275 2052 331 2119 καλ
346 2053 364 2118 ὁ
380 2049 440 2136 μὲν
459 2052 582 2129 ἀδίκως
602 2056 665 2131 ζῶν
678 2049 733 2117 καὶ
751 2051 950 2136 ὑβριστικῶς
968 2051 1001 2130 ἐξ
1016 2053 1162 2139 ἀνάγκης

55 2177 130 2220 ιιιΚ.
148 2161 291 2244 αίσχρῶς
311 2163 357 2244 ζῇ,
382 2161 413 2223 εί
430 2155 467 2224 δὲ
486 2161 639 2246 αἰσχρῶς,
658 2157 712 2224 καλ
730 2169 852 2236 κακῶς·
876 2160 960 2224 ὥστε
978 2158 1033 2224 καὶ
1051 2160 1162 2245 ἀηδῶς

147 2269 182 2351 ζῇ
205 2263 260 2330 καὶ
280 2265 321 2329 ού
340 2264 576 2349 ξυμφερόντως
595 2263 714 2355 ἑαυτῷ·
738 2267 798 2330 τὸν
817 2264 881 2349 γάρ
900 2265 1002 2330 αὑτὸν
1023 2267 1161 2349 ἥδιστόν

60 2388 133 2432 ιιιΔ-
147 2395 182 2438 τε
209 2369 264 2438 καί
293 2372 430 2456 άριστον
461 2370 527 2436 ὑπὸ
559 2377 651 2437 θεῶν
679 2373 755 2454 βίον
788 2369 945 2454 λέγεσθαι
977 2372 1163 2454 φάσκοντες
1176 2393 1203 2433 ιο

146 2477 355 2562 ἀληθέστατα
379 2475 530 2562 ἐροῦμεν.
572 2479 604 2542 εί
620 2479 738 2542 τοίνυν
760 2474 816 2541 καί
834 2477 874 2541 τά
893 2475 1005 2558 ἀγαθά
1023 2479 1068 2564 τῷ
1087 2476 1159 2543 κατ’

146 2585 266 2670 ἀρετὴν
285 2588 347 2673 βίφ
372 2585 513 2669 μάλιστα
531 2585 745 2668 συνήρτηται,
769 2580 823 2648 καί
846 2585 919 2648 τότε
941 2580 1032 2648 ἐστὶν
1051 2583 1163 2667 ἀγαθά

146 2693 260 2773 ὄντας,
284 2689 339 2756 καὶ
361 2692 399 2755 τὸ
422 2694 552 2776 χαίρειν
574 2699 620 2776 κρῖ
641 2695 842 2773 φιλοσοφεῖν
861 2691 953 2776 μόνῳ
975 2688 1162 2775 συνέπεται,

146 2798 281 2861 πάντων
305 2796 401 2860 ἕνεκα
424 2798 486 2880 χρὴ
510 2804 632 2861 τοῦτον
654 2797 715 2861 τὸν
733 2798 809 2879 βίον
830 2801 1067 2883 προαιρεῖσθαι
1079 2799 1163 2879 Ιτοὺς

148 2899 376 2985 βουλομένους
399 2901 503 2978 όντως
527 2901 749 2985 εὐδαιμονεῖν.
1176 2921 1202 2962 τε

236 3005 306 3070 ΧΧ.
332 3000 433 3089 Οίμαι
455 3008 572 3071 τοίνυν
596 3006 657 3072 οὐκ
676 3007 887 3092 ἀνάρμοστον
909 3001 994 3072 εἶναι
1014 3007 1163 3074 ἐνταῦθα

146 3109 202 3178 καὶ
216 3113 278 3195 τὴν
293 3112 349 3176 διδ
362 3121 429 3176 τῶν
442 3111 627 3194 ὑποθηκῶν
643 3114 837 3197 προτροπὴν
850 3114 915 3196 ἥδη
928 3134 998 3189 πως
1012 3117 1164 3198 συνεγγί-

150 3222 270 3297 ζουσαν
299 3220 346 3294 είς
372 3218 434 3301 την
462 3217 633 3303 ὑφηγησιν
659 3220 697 3283 τδ
720 3229 790 3295 πῶς
813 3219 867 3283 δεῖ
886 3221 998 3301 βιοῦν,
1025 3216 1081 3283 καλ
1104 3221 1164 3304 μά-

238 3381 254 3429 3
272 3367 326 3429 δάν
346 3374 392 3444 (ολ.
411 3373 529 3442 Usener,
549 3373 646 3428 Jahrb.
665 3373 684 3428 f.
703 3373 775 3428 Phil.
793 3379 860 3430 18⁷8
880 3391 907 3444 p.
928 3377 972 3444 66)
994 3374 1095 3444 scripsi
1112 3393 1163 3446 pro

149 3475 177 3534 δ’
198 3473 247 3534 ἀνι
267 3473 303 3534 ἀν
321 3481 369 3534 PA
382 3483 423 3549 114
440 3457 579 3550 μακαριτοη
592 3482 601 3550 ΙΙ
615 3484 649 3534 28
667 3477 713 3551 τὸ]
732 3481 782 3535 τοῦ
801 3480 913 3549 εοείρείὁ
926 3481 963 3535 K:
984 3496 1020 3534 an
1039 3484 1164 3552 συνεγγί-

151 3553 254 3616 ζουσαν
272 3551 422 3606 transitive
441 3550 566 3606 dictum?
