2670 3932
424 193 698 250 PROTREPTICUS
717 195 750 263 (ο.
765 195 835 265 XX).
1096 197 1138 260 99

122 354 191 421 ἐστί
214 363 331 434 ταῦτας
356 355 393 420 αί
412 359 524 440 νόσοι,
549 356 587 421 τὸ
610 363 728 442 γῆρας,
753 356 790 421 αί
811 354 995 434 ἕξαπιναῑοι
1018 359 1137 444 ζημίαι,

123 462 164 528 οὐ
188 462 246 539 τάς
273 461 310 527 ἐκ
336 471 404 528 τών
431 465 546 547 νόμων
573 459 659 546 λέγω
689 465 802 546 ζημίας
833 461 968 550 (ταύτας
991 461 1138 550 μὲνγὰρ

122 565 177 633 καλ
200 568 430 654 εὐλαβηθῆναι
453 571 523 634 ἔστι
546 567 601 633 καί
623 567 862 654 φυλάξασθαι),
886 568 969 635 ἀλλά
991 572 1049 647 τάς
1071 594 1137 637 τοι-

122 675 233 758 αύτας,
250 676 423 759 πυρκαϊάς,
441 675 612 752 θανάτους
629 675 777 760 οίκετών,
795 677 1019 762 τετραπόδων,
1037 677 1138 754 ἀλλας

122 775 165 844 αὖ
188 783 374 866 σνμφοράς,
398 785 436 846 αἳ
454 783 656 868 περίκεινται
679 782 717 846 οιί
737 778 799 866 μὲν
821 792 892 858 τοῖς
915 783 1076 867 σώμασιν,
1101 785 1139 848 αι’
1150 801 1163 840 ⁵

122 883 160 951 δὲ
183 897 253 963 ταῖς
275 898 412 973 ψυχαῖς,
442 888 479 952 αί
505 884 543 953 δὲ
564 898 635 966 τοϊς
656 889 809 974 χρήμασι.
855 889 985 955 τούτων
1009 890 1050 973 δὴ
1075 884 1138 954 οὖν

30 1013 108 1054 τοοκ.
124 991 220 1058 ἕνεκα
251 995 401 1077 πάντων,
437 994 527 1072 ὅπως
560 994 593 1072 ἐς
624 1003 727 1060 ταῦτα
759 997 859 1079 ἔχωσι
890 1003 1036 1082 χρῆσθαι
1067 1007 1138 1073 τοῖς

120 1102 279 1184 χρήμασι,
306 1109 370 1177 πᾶς
397 1100 481 1187 ἀνὴρ
509 1110 570 1166 τοῦ
597 1102 745 1168 πλούτου
773 1100 932 1188 ὀρέγεται.
978 1099 1034 1168 καὶ
1061 1100 1134 1169 ἀλλ’

111 1207 201 1270 -ἀττα
233 1205 273 1271 δέ
304 1205 394 1272 ἐστιν
429 1207 511 1294 ἀπερ
549 1206 610 1293 οὐχ
645 1202 752 1292 ησσον
783 1207 805 1292 ἣ
837 1210 877 1274 τά
912 1208 1137 1295 προειρημένα

121 1311 243 1399 ἐξορμᾷ
260 1315 339 1390 τοὺς
357 1313 559 1401 ἀνθρώπους
578 1311 631 1380 ἐπὶ
651 1316 711 1379 τὸν
733 1318 973 1401 χρηματισμόν,
997 1318 1035 1380 αί
1054 1318 1137 1402 πρὸς
1152 1332 1177 1371 1⁰

121 1417 285 1502 ἀλλήλους
312 1424 497 1507 φιλοτιμίαι
524 1419 579 1487 καλ
607 1422 643 1486 οί
669 1425 759 1505 ζῆλοι
785 1420 840 1487 καλ
869 1423 907 1486 αί
932 1424 1135 1506 δυναστεῖαι,

122 1521 166 1588 δι’
194 1524 232 1601 δς
253 1527 294 1589 τά
322 1528 470 1612 χρήματα
498 1524 573 1612 περὶ
600 1531 728 1592 πολλοῦ
755 1537 947 1611 ποιοῦνται,
976 1529 1028 1592 ὅτι
1054 1544 1136 1612 συμ-

121 1630 276 1712 βάλλεται
299 1633 346 1707 είς
368 1633 408 1696 τδι
430 1641 575 1698 τοιαῦτα.
616 1633 707 1709 ὅστις
726 1633 765 1698 δέ
787 1633 877 1698 ἐστιν
897 1632 982 1720 ἀνὴρ
1002 1634 1137 1719 ἀληθῶς

121 1735 264 1819 ἀγαθός,
292 1731 390 1814 οὗτος
418 1738 480 1803 οὐκ
508 1737 670 1826 ἀλλοτρίῳ
698 1741 812 1826 κόσμῳ
835 1739 1052 1829 περικειμένῳ
1074 1742 1136 1824 τὴν

121 1840 223 1920 δόξαν
249 1848 411 1928 θηρᾶται,
443 1843 526 1909 ἀλλά
557 1853 597 1930 τῇ
629 1845 733 1911 αὑτοῦ
763 1844 871 1932 ἀρετῇ.
918 1846 1034 1932 διόπερ
1066 1845 1136 1912 ἐπεὶ
1151 1862 1176 1902 1⁵

119 1953 305 2034 φιλοσοφία
337 1953 384 2027 είς
420 1949 540 2016 ἑαυτὸν
573 1951 783 2039 ἀνηρτῆσθαι
816 1962 908 2018 ποιεί
938 1961 984 2041 τῳ
1017 1953 1135 2043 ἀγαθῷ

120 2056 242 2139 πάντα,
270 2063 391 2122 παθῶν
415 2054 452 2123 δὲ
475 2055 610 2144 καὶτῆς
633 2057 693 2137 ἔξω
721 2061 834 2145 χρείας
860 2058 1056 2146 ἀφίστησιν,
1085 2067 1135 2146 είη

120 2160 162 2224 ἀν
181 2164 411 2247 χρησιμωτάτη
435 2174 551 2228 πασῶν
569 2167 653 2247 πρὸς
674 2165 734 2230 τὸν
754 2165 938 2250 εὐδαίμονα
956 2171 1040 2250 βίον.
1080 2166 1135 2233 καλ

119 2265 195 2352 περὶ
218 2271 421 2352 φιλοψυχίας
444 2265 480 2334 δὲ
504 2265 569 2334 ὧδε
593 2271 635 2334 ἀν
658 2293 708 2346 τις
729 2274 899 2354 πεισθείη,
928 2272 993 2355 ὅτι,
1021 2275 1053 2338 εί
1073 2271 1136 2357 μὲν

25 2391 100 2435 ιιιε.
120 2373 245 2458 ὑπῆρχε
263 2380 309 2462 τῳ
328 2373 498 2462 ἀνθρώπῳ
518 2377 549 2439 εί
570 2377 615 2459 μή
634 2372 690 2441 ὑπ’
713 2377 816 2442 ἀλλον
835 2375 1003 2442 ἀποθάνοι
1022 2378 1134 2466 ἀγήρῳ
1150 2393 1176 2433 2⁰

119 2503 154 2546 τε
182 2477 346 2547 εἶναικαὶ
373 2481 531 2568 ἀθανάτῳ
555 2483 615 2547 τὸν
642 2484 760 2548 λοιπὸν
786 2485 927 2570 χρόνον,
955 2486 1135 2571 συγγνώμη

120 2586 162 2654 ἀν
184 2589 289 2672 πολλὴ
313 2595 358 2676 τῷ
382 2587 572 2678 φειδομένῳ
600 2598 657 2672 τῆς
682 2597 803 2674 ψυχῆς·
832 2588 902 2655 ἐπεὶ
930 2587 967 2656 δδ
995 2591 1136 2677 ὑπάρχει

119 2702 164 2780 τῷ
188 2697 250 2782 βίῳ
275 2694 494 2784 μηκυνομίνῳ
512 2697 551 2760 τό
573 2717 609 2761 τε
627 2705 730 2781 γῆρας
748 2696 865 2762 κάκιον
884 2697 924 2762 δν
941 2696 1136 2783 ἀνθρώποις

121 2797 175 2864 καὶ
199 2801 242 2883 μη
267 2800 438 2866 ἀθάνατον
457 2797 553 2886 εἶναι,
576 2800 632 2867 καὶ
650 2802 670 2886 ἡ
690 2801 820 2887 ἀμαθία
837 2804 903 2887 ἤδη
923 2802 991 2869 ἐστὶ
1009 2807 1134 2890 μεγάλη

121 2903 176 2969 καὶ
204 2907 367 2988 συνήθεια
393 2919 551 2994 πονηρῶν
579 2911 689 2991 λόγων
715 2932 751 2974 τε
778 2906 834 2974 καὶ
861 2909 1134 2996 ἐπνθυμημώτῳν,
1149 2924 1175 2964 2⁵

120 3012 246 3095 ταύτην
272 3023 457 3097 περιποιεῖν
489 3012 542 3078 έπλ
574 3015 747 3102 δυσκλείᾳ,
780 3015 863 3080 ἀλλά
890 3018 934 3100 μὴ
964 3017 1135 3084 ἀθάνατον

30 3137 107 3178 ιοιΚ.
122 3117 193 3183 ἀντ’
220 3118 321 3202 αὐτῆς
344 3123 365 3201 †
387 3123 576 3204 λείπεσθαι,
605 3119 680 3186 ἀντὶ
704 3128 831 3206 θνητῆς
854 3123 957 3206 οὔσης
980 3123 1135 3208 εὐλογίαν

121 3225 244 3292 ἀέναον
275 3224 330 3291 καὶ
362 3225 412 3291 ἀελ
451 3231 566 3306 ζῶσαν.
612 3229 644 3293 εί
673 3230 790 3293 τοίνυν
827 3231 912 3313 μόνη
950 3233 1135 3314 φιλοσοφία

210 3373 244 3421 16
264 3366 298 3421 cf.
314 3364 386 3421 plat.
401 3365 508 3422 Menex.
523 3385 549 3436 p.
565 3366 647 3422 we
667 3368 763 3436 (supra
776 3385 803 3436 p.
820 3373 890 3436 '12‚4
904 3367 934 3422 et
947 3373 990 3437 91,
1005 3371 1058 3438 26).

210 3497 226 3543 5
245 3490 308 3547 fort.
329 3485 486 3545 ἐπίκεινται
500 3492 509 3562 ΙΙ
523 3497 589 3559 8sq.
608 3486 730 3545 ἀλλάττα
744 3493 802 3560 1124
818 3487 836 3560 ἡ
851 3491 1002 3548 deleverim
1017 3494 1026 3563 ΙΙ
1040 3497 1073 3548 27
1094 3489 1135 3546 αἷ-

122 3563 236 3628 ρεῖσθαι
254 3561 326 3615 coni.
345 3562 371 3616 K
384 3563 394 3631 ΙΙ
408 3568 443 3617 28
460 3558 586 3618 ἀένναον
600 3563 610 3632 ΙΙ
624 3563 716 3630 ζώναν
734 3566 772 3618 A:
792 3563 874 3628 ζώσει.

937 3651 976 3705 χ*
