2674 3932
419 199 694 271 PROTREPTICUS
713 202 747 269 (υ,
762 200 809 254 IV.
825 201 869 268 V).
1108 203 1150 266 25

135 360 177 424 τδι
196 356 233 424 δέ
252 357 326 445 περὶ
345 350 467 444 ψυχήν,
491 361 536 437 ὡς
553 362 590 425 τὸ
610 362 772 447 σώφρονά
792 384 825 427 τε
845 356 931 427 εἶναι
949 360 1004 427 καὶ
1020 364 1151 429 δίκαιον
1207 431 1210 436 ,
1299 425 1302 432 ,

136 464 193 530 καὶ
216 465 388 551 ἀνδρεῖον,
416 465 470 531 καὶ
494 469 727 552 διαφερόντως
745 469 782 532 τὸ
807 470 916 552 σοφὸν
941 463 1039 534 εἶναι·
1071 466 1146 554 μεθ’

137 567 186 636 ὧν
214 573 255 636 οὐ
283 575 402 659 μικρὸν
431 571 583 659 διαφέρει
610 576 647 640 τὸ
677 575 978 658 συνεπιλαμβάνειν
1007 574 1062 640 καὶ
1088 578 1149 660 την

137 679 292 762 εὐτυχίαν
318 689 389 756 ταῖς
413 679 532 765 ὀρθαῖς
555 679 729 766 πράξεσιν,
757 682 830 764 ἤτοι
853 681 918 745 ὑπὸ
945 690 1003 766 τῆς
1031 685 1151 767 σοφίας

132 783 397 869 ἐπιφερομένην,
427 783 526 868 ἢκαλ
549 780 628 851 καθ’
655 785 762 868 αὐτὴν
790 788 934 870 ἔχουσαν
964 788 1054 852 ίδίαν
1076 789 1177 852 τινάο

58 911 123 952 τοι.
138 891 291 976 δύναμιν.
334 885 406 956 ἀλλ’
428 891 501 956 οὐτ’
513 891 617 968 εὐθὺς
640 879 905 976 εὐδαιμονοῦμεν
930 894 985 957 διδι
1008 895 1048 957 τδι
1070 916 1151 980 παρ-

138 1000 219 1062 όντα
242 987 363 1081 ἀγαθά,
389 999 420 1062 εί
441 994 546 1083 μηδὲν
565 997 650 1081 ἡμᾶς
675 997 812 1081 ὠφελοῖ·
838 998 962 1083 ὠφελεῖ
984 996 1021 1065 δὲ
1039 999 1150 1081 οὐδέν,

139 1106 170 1168 εί
191 1109 241 1187 εῖη
265 1106 372 1188 μόνον
395 1103 485 1188 ἡμῖν,
509 1105 666 1192 χρῴμεθα
692 1101 730 1170 δέ
753 1104 866 1182 αὐτοῖς
889 1109 942 1189 μή.
989 1103 1071 1171 οὐδὲ
1087 1107 1151 1189 γάρ

138 1212 219 1274 άλλο
247 1206 348 1275 οὐδὲν
376 1211 484 1295 παρὸν
512 1211 568 1274 διδ
596 1210 659 1293 τὴν
688 1219 804 1294 κτῆσιν
834 1211 959 1295 ὠφελεῖ
984 1213 1065 1278 άνευ
1091 1222 1152 1282 τοῦ

137 1323 284 1401 χρῆσθαι
317 1315 422 1403 αὐτῷ,
455 1311 528 1381 οὐδ’
558 1322 592 1381 εί
614 1340 664 1394 τις
692 1311 755 1382 οὖν
782 1322 928 1402 πλοῦτον
954 1317 1011 1384 καλ
1038 1318 1059 1382 δ
1086 1327 1150 1384 νῦν
1166 1337 1191 1377 10

139 1424 181 1506 δη
205 1422 361 1506 ἐλέγομεν
389 1421 501 1505 ἀγαθά
528 1421 727 1507 κεκτημένος
750 1430 816 1507 είη,
844 1425 953 1512 χρῷτο
978 1422 1015 1490 δὲ
1038 1424 1152 1502 αὐτοῖς

139 1533 198 1613 μή,
227 1529 288 1593 οὐκ
316 1527 358 1593 δν
382 1529 578 1615 εὐδαιμονοῖ
604 1531 658 1594 διδ
681 1531 743 1613 τὴν
765 1531 893 1596 τούτων
916 1541 983 1597 τῶν
1012 1531 1151 1614 ἀγαθῶν

104 1703 107 1708 ,
139 1643 262 1718 κτῆσιν.
310 1636 363 1700 δεῖ
397 1635 461 1720 άρα
497 1636 541 1720 μὴ
579 1639 685 1718 μόνον
721 1642 901 1719 κεκτῆσθαι
939 1639 980 1701 τά
1015 1647 1150 1702 τοιαῦτα
1239 1621 1243 1626 ⁴

139 1741 251 1825 άγαδδι
286 1742 345 1805 τὸν
378 1739 540 1826 μέλλοντα
577 1741 759 1825 εὐδαίμονα
793 1744 944 1824 ἔσεσθαι,
982 1741 1065 1806 άλλδι
1096 1740 1151 1807 καὶ

138 1854 284 1932 χρῆσθαι
308 1846 430 1931 αὐτοῖς,
454 1846 475 1931 ἢ
495 1844 597 1912 οὐδὲν
617 1849 738 1932 ὄφελος
756 1857 813 1931 τῆς
831 1850 975 1931 κτήσεως
993 1851 1149 1931 γίγνεται.
1165 1867 1190 1908 15

8 1991 9 2018 1
140 1951 211 2019 ἀλλ’
239 1950 378 2019 οὐδὲτὸ
401 1961 547 2040 χρῆσθαι
571 1957 677 2038 μόνον
702 1953 845 2040 ἐξαρκεῖ,
869 1955 952 2020 άλλδι
976 1956 1030 2020 δεῖ
1049 1972 1150 2041 προσ-

9 2047 14 2056 ’
63 2080 127 2120 ⁶81<-
143 2071 227 2126 εῖναι
250 2062 287 2124 τὸ
316 2060 428 2146 ὀρθῶς
455 2067 608 2146 χρῆσθαι.
654 2061 756 2127 πλέον
783 2063 847 2147 γὰρ
874 2063 1021 2147 θάτερόν
1049 2062 1150 2145 ἐστιν,

140 2165 198 2231 ἐάν
221 2187 271 2242 τις
292 2168 408 2252 χρῆται
431 2167 475 2250 μὴ
500 2166 612 2252 ὀρθῶς
635 2166 764 2258 ὁτῳοῦν
782 2167 958 2252 πράγματι,
981 2166 1002 2250 ἣ
1022 2167 1080 2233 έδν
1099 2167 1151 2255 έᾷ·

140 2274 176 2337 τὸ
205 2269 266 2356 μὲν
293 2273 356 2358 γάρ
383 2275 502 2355 κακόν,
535 2275 572 2338 τὸ
606 2269 643 2338 δέ
671 2273 747 2338 οὔτε
774 2274 877 2338 κακὸν
907 2273 984 2338 οὔτε
1011 2263 1150 2357 άγαθδν.

140 2377 223 2444 ἀλλὰ
250 2379 316 2462 μὴν
343 2381 383 2444 έν
407 2402 445 2463 γε
477 2387 517 2464 τῇ
544 2381 659 2464 χρήσει
681 2375 798 2443 τεκαὶ
830 2378 968 2468 έργασίρι
995 2379 1082 2463 πάση
1111 2388 1150 2464 τῇ
1164 2399 1191 2438 ιο

139 2482 214 2570 περὶ
238 2484 352 2562 ὁτιοῦν
374 2486 412 2549 τὸ
436 2468 700 2569 ἀπεργαζόμενον
718 2485 756 2549 τὸ
780 2483 892 2569 ὀρθῶς
914 2490 1060 2569 χρῆσθαι
1083 2484 1150 2550 ἐπι-

140 2592 245 2676 στήμη
260 2588 448 2676 παρέχεται·
471 2589 527 2656 καὶ
545 2588 620 2677 περὶ
638 2592 699 2675 την
718 2593 832 2677 χρείαν
851 2584 914 2655 οὖν
930 2581 983 2658 ὧν.
995 2589 1150 2675 ἐλέγομεν

139 2699 175 2762 τὸ
199 2709 332 2782 πρῶτον
355 2708 422 2762 τῶν
445 2697 599 2780 ἀγαθῶν,
627 2699 774 2762 πλούτου
801 2721 837 2762 τε
864 2695 919 2762 καὶ
946 2695 1150 2781 ὑγιείαςκαὶ

138 2804 294 2885 κάλλους,
322 2805 359 2869 τὸ
384 2803 496 2890 ὀρθῶς
518 2813 598 2868 πᾶσι
626 2810 773 2890 χρῆσθαι
799 2814 869 2880 τοῖς
896 2805 1060 2882 τοιούτοις
1083 2805 1150 2870 ἐπι·

9 2957 11 2964 ,
139 2912 244 2994 στήμη
268 2893 436 2996 ἡγουμένη
460 2908 515 2976 καὶ
537 2911 751 2994 κατορθοῦσά
770 2911 839 2975 ἐστι
860 2911 921 2994 τὴν
943 2909 1071 2996 πρᾶξιν.
1109 2911 1150 2977 οὐ
1164 2928 1189 2969 2⁵

138 3017 244 3100 μόνον
268 3011 330 3081 οὖν
354 3002 524 3100 εὐτυχίαν,
554 3014 714 3082 ἀλλὰκαὶ
738 3017 921 3101 εὐπραγίαν
943 3015 963 3099 η
990 3015 1149 3102 ἐπιστήμη

63 3139 123 3180 ιιι.
138 3121 273 3207 παρέχει
295 3134 365 3200 τοῖς
383 3122 576 3209 ἀνθρώποις
600 3122 636 3188 έν
658 3123 746 3208 πάση
765 3124 877 3205 κτήσει
897 3144 932 3186 τε
950 3119 1005 3186 καί
1024 3122 1149 3207 πράξει,

137 3226 192 3293 καὶ
216 3226 317 3294 οὐδέν
341 3230 462 3314 δφελος
488 3241 556 3294 τῶν
583 3230 694 3293 ἄλλων
717 3229 892 3312 κτημάτων
920 3228 1000 3291 άνευ
1024 3231 1167 3313 φρονηῃ

138 3336 221 3412 σεώς
243 3358 278 3400 τε
301 3333 357 3400 καί
381 3337 511 3420 σοφίας.
556 3338 591 3399 τί
610 3336 674 3420 γδιρ
699 3335 820 3419 δφελος
842 3339 1020 3417 κεκτῆσθαι
1043 3335 1150 3400 πολλὰ

136 3481 350 3488 ——---——-—-

210 3569 225 3616 3
241 3562 517 3636 συμπεριλαμβάνειν
527 3562 626 3621 Vitelli
641 3564 649 3631 ΙΙ
664 3568 680 3616 8
694 3557 829 3632 χρώμεθα
843 3563 853 3631 ΙΙ
867 3567 882 3616 9
898 3525 988 3631 ίίφέῚΙ
1004 3567 1035 3615 11
1051 3561 1148 3631 χρδτο.
