2670 3932
423 203 697 260 PROTREPTICUS
716 205 750 273 (ο.
765 203 850 273 XXI).
1080 203 1142 266 121

130 367 286 452 ἐδηλώθη
310 361 380 433 κατ’
407 365 530 433 οὐδένα
547 369 673 452 τρόπον
696 369 820 452 μόνιμα
837 363 892 431 καί
910 366 950 430 τὰ
969 365 1053 432 αὐτὰ
1072 363 1144 431 ἑαυ-

9 557 10 562 Ὶ
36 496 75 536 153
86 493 113 536 A.
130 484 199 550 τοῖς
230 473 437 559 ὑπάρχοντα,
474 473 530 539 ἵνα
562 470 618 537 καὶ
652 475 792 557 βεβαίαν
824 472 1082 556 ἐπιστημονικόν
1110 495 1146 537 τε

131 580 294 667 ὑπομείνῃ
317 581 502 665 κατάληψιν
524 577 581 645 καί
604 578 784 664 ἐπίγνωσιν
807 579 992 657 dissaisivit.

77 685 130 767 κί’
224 689 269 753 To
293 683 330 753 δὲ
352 685 441 772 περὶ
463 693 569 752 θεῶν
591 682 715 770 μηδὲν
737 685 970 771 θαυμαστὸν
991 683 1146 750 άπίστει

40 811 117 856 εεεΚ.
133 789 229 877 μηδὲ
251 791 341 878 περὶ
364 795 487 860 θείων
506 791 712 876 δογμάτων
730 791 908 877 προτρέπει
928 789 1073 876 μετιέναι
1091 787 1173 855 καλε

132 905 274 965 κτᾶσθαι
302 899 412 965 ἐκεῖνα
439 899 479 964 τά
507 901 702 983 μαθήματα,
735 896 778 962 δι’
811 897 832 962 δ
864 899 927 964 οὐκ
959 897 1148 980 ἀπιστήσεις

133 1004 244 1071 οὐκέτι
266 1003 341 1091 περὶ
357 1009 457 1072 ’θεῶν
483 1003 538 1071 καί
565 1002 641 1090 περὶ
663 1006 769 1071 δείων
797 1004 972 1090 δογμάτων
1000 1006 1086 1090 ἔχων
1108 1005 1148 1068 τά
1181 989 1185 1002 ’

132 1115 312 1196 μαθήματα
334 1109 470 1189 καὶτὰς
492 1111 746 1196 ἐπιστημονικὰς
769 1109 959 1189 ἀποδείξεις.

78 1223 120 1285 ις’
225 1219 271 1283 Τὸ
296 1214 332 1283 δὲ
355 1217 503 1306 άσχέτμ
526 1216 667 1302 γέλωτι
690 1218 738 1302 μὴ
763 1219 925 1303 ἔχεσθαι
951 1217 1051 1299 δηλοῖ
1070 1239 1148 1301 κρα-

126 1335 201 1389 τεῖν
224 1333 291 1388 τῶν
314 1330 435 1389 παθῶν
460 1323 515 1389 διὰ
541 1325 644 1407 λόγου
672 1325 864 1408 φιλοσόφον
892 1320 1020 1407 ἐπέχειν
1047 1346 1082 1388 τε
1110 1324 1148 1387 τὸ
1163 1342 1189 1382 10

132 1430 374 1515 εὐμετάβλητον
393 1429 448 1495 καὶ
463 1429 504 1496 οὐ
518 1432 662 1514 μόνιμον
680 1441 747 1495 τῶν
766 1429 993 1516 ἀνθρωπίνων
1013 1435 1148 1494 παθῶν·

127 1535 361 1622 -ὑπομίμνησκε
390 1533 427 1602 δὲ
449 1537 574 1601 σαυτὸν
602 1544 663 1600 τοῦ
689 1535 797 1620 ὀρθοῦ
826 1537 944 1619 λόγου,
974 1537 1055 1619 μήτε
1085 1537 1149 1621 άρα

133 1641 300 1727 εὐτυχίαις
327 1641 509 1726 ἐπιχαυνοῦ
536 1642 616 1725 μήτε
644 1651 833 1725 συμφοραῖς
861 1643 1085 1705 συνταπεινοῦ
1113 1640 1149 1706 ἐν

133 1746 303 1837 οὐδετέρῳ
327 1751 510 1832 μεταβολῆς
534 1749 669 1813 ἔννοιαν
696 1747 984 1830 ὑπολογιζόμενος.
1028 1749 1088 1812 τὸν
1113 1743 1150 1814 δὲ

132 1852 258 1938 γέλωτα
276 1851 360 1940 ὑπὲρ
379 1855 514 1920 πάντων
534 1864 601 1918 τῶν
624 1859 746 1919 παθῶν
766 1853 950 1936 ὠνόμασεν,
974 1853 1025 1918 ότι
1048 1855 1151 1937 μόνος
1165 1873 1190 1914 ιι

133 1962 273 2045 μάλιστα
297 1961 449 2046 ἐκφανῶς
471 1961 643 2046 μηνύεται,
668 1961 778 2046 ὥσπερ
798 1983 830 2024 τι
850 1957 1026 2045 ίπάνθημα
1045 1959 1150 2045 ὑπάρ-

132 2091 201 2151 χων
228 2066 284 2133 καὶ
312 2066 496 2152 ίπίφλεγμα
528 2065 624 2152 μέχρι
656 2067 837 2152 προσώπου
869 2075 927 2150 τῆς
957 2064 1149 2144 διαθέσεως.

134 2178 213 2249 ίσως
232 2169 269 2237 δὲ
284 2171 541 2270 [παραγγίλλει],
561 2171 674 2256 ἐπειδη
694 2172 878 2257 ἀνθρώπου
896 2174 985 2237 ίδιον
1003 2174 1093 2257 παρά
1110 2174 1151 2237 τά

133 2279 216 2342 ἄλλα
241 2280 304 2366 ζῷα
323 2273 421 2354 οὗτος
444 2275 625 2362 (ὁρίζονται
643 2287 729 2360 γοῦν
746 2300 835 2362 τινες
855 2282 938 2365 ζῷον
957 2279 1037 2343 αὐτὸ
1056 2282 1150 2361 γελα-

134 2384 247 2450 στικὸν
268 2379 379 2471 εἶναι),
404 2385 563 2467 δηλοῦται
585 2383 650 2448 ὑπὸ
673 2392 734 2449 τοῦ
751 2383 1023 2468 παραγγέλματος
1044 2385 1082 2449 τὸ
1106 2386 1150 2470 μη
1165 2405 1192 2445 20

42 2509 121 2550 154A.
135 2489 300 2576 ἐπιμόνως
331 2489 387 2556 καὶ
419 2490 649 2576 άμεταβλητως
682 2498 721 2574 τῇ
754 2489 989 2574 άνθρωπότητι
1021 2491 1150 2575 ἔμμενε,

40 2616 115 2656 364Κ.
133 2596 217 2662 άλλά
240 2599 379 2683 μίμησιν
406 2604 491 2663 θεοῦ
514 2597 597 2662 κατά
623 2597 661 2662 τὸ
685 2597 831 2662 δυνατὸν
858 2607 923 2660 κτῶ
952 2602 1150 2682 φιλοσοφῶν

132 2701 271 2768 καὶτοῦ
295 2704 473 2789 ίδιώματος
495 2704 617 2769 τούτου
639 2713 707 2769 τῶν
735 2702 926 2788 ἀνθρώπων
949 2703 1149 2789 ὑπεκχωρῶν

133 2812 324 2894 προκρίνων
346 2831 381 2873 τε
404 2811 441 2872 τὸ
466 2811 601 2892 λογικὸν
623 2818 684 2874 τοῦ
702 2812 899 2892 γελαστικοῦ
917 2809 964 2886 είς
984 2809 1150 2894 διάκρισιν

133 2912 188 2980 καὶ
213 2915 379 3000 διαφορὰν
402 2915 484 2999 πρὸς
506 2917 547 2979 τά
570 2917 669 2980 λοιπά
694 2919 766 3001 ζῷα.
1165 2934 1190 2975 ιε

79 3024 119 3094 κζ
229 3021 274 3085 Τὸ
301 3016 339 3085 δὲ
366 3020 469 3104 παρὰ
495 3023 619 3108 θυσία
646 3021 695 3106 μη
724 3019 909 3104 όνυχίζου
936 3019 1011 3106 περὶ
1037 3024 1151 3103 φιλίας

134 3126 203 3193 ἐστὶ
226 3129 476 3212 προτρεπτικόν·
501 3136 569 3192 τῶν
592 3128 656 3212 γάρ
680 3128 812 3192 οίκείων
835 3123 890 3190 καὶ
913 3128 1150 3211 προσηκόντων

223 3290 293 3340 4-8
315 3281 355 3340 Τὸ
376 3283 407 3339 δὲ
424 3314 457 3324 -
473 3278 646 3354 άποδείξεις]
667 3283 732 3337 ‘Per
752 3283 874 3336 auctoris
896 3283 987 3338 nostri
1004 3284 1149 3354 negligen-

133 3357 202 3411 tiam
218 3357 323 3412 facium
337 3356 450 3412 videiur
464 3359 496 3410 ui
510 3372 581 3423 quas
595 3371 679 3424 supra
693 3354 732 3424 [p.
744 3359 803 3422 110,
815 3361 830 3408 6
841 3354 914 3426 sqq.]
931 3355 1070 3424 copiosius
1085 3359 1151 3410 suni

128 3427 276 3496 sxplicaia
293 3427 340 3482 hio
355 3426 527 3482 brevissimis
546 3427 721 3495 repetantur'
738 3425 856 3480 adnotat
869 3426 905 3480 K:
927 3426 1057 3494 equidem
1076 3427 1150 3481 dele·

133 3493 682 3639 ssssiffs'iisissiimisiiwgiiii
699 3502 759 3623 if*
776 3501 809 3552 ³⁵
822 3499 832 3566 ¹¹
848 3501 880 3550 ²⁸
899 3496 1087 3566 παραγγέλλει
1102 3498 1150 3552 ‘³³‘
