2674 3932
184 199 226 263 28
540 179 545 186 '
593 197 786 253 ιΑΜοιιοοι

184 358 245 445 μὲν
270 362 324 426 δεῖ
349 362 566 446 στοχάζεσθαι
592 372 660 424 τῶν
682 370 740 444 τῆς
762 371 885 446 ψυχῆς,
912 362 952 425 τά
978 358 1008 424 δ’
1036 361 1118 424 ἀλλα
1140 367 1198 442 τῆς

150 539 152 546 ‚
183 475 291 550 ψυχῆς
314 465 410 531 ἕνεκα
432 467 601 552 πράττειν·
624 465 678 532 καὶ
701 469 764 552 γάρ
787 476 847 531 τοῦ
870 467 1020 551 σώματος
1039 464 1198 550 ἐπιμελεῖ-

185 579 266 636 σθαι
289 574 350 658 χρὴ
375 572 604 659 ἀναφέροντας
632 573 736 637 αὐτοῦ
764 575 825 656 ’τὴν
850 572 1037 657 ἐπιμέλειαν
1060 570 1112 637 ἐπὶ
1135 573 1198 655 τὴν

183 689 241 762 τῆς
263 689 370 763 ψυχῆς
392 680 588 765 ὑπηρεσίαν,
612 678 666 745 καὶ
685 682 725 743 τά
744 682 892 765 χρήματα
911 685 1054 744 κτᾶσθαι
1073 679 1126 744 δεῖ
1143 680 1199 743 διδι

157 786 220 849 ιτὸ
250 796 353 870 σῶμα,
381 787 488 854 πάντα
517 783 554 850 δὲ
582 795 639 870 τῆς
665 795 773 870 ψυχῆς
802 784 898 850 ἕνεκα
927 786 1112 850 διατάττειν
1143 783 1198 850 καὶ

183 901 250 955 τῶν
273 901 331 976 τῆς
352 901 460 976 ψυχῆς
483 892 657 977 ἀρχουσῶν
678 894 863 977 δυνάμεων.
904 894 935 957 εί
957 893 998 974 δὴ
1017 900 1117 957 τοῦτο
1142 891 1195 955 οῦ-

183 1022 247 1074 τως
275 999 355 1082 ἔχει,
387 995 488 1063 οὐδὲν
515 1010 582 1064 τῶν
611 1000 758 1064 δεόντων
785 1001 988 1085 πράττουσιν
1018 999 1092 1063 ὅσοι
1119 1020 1198 1083 χρη-

184 1104 295 1188 μάτων
323 1100 384 1188 μὲν
411 1102 487 1189 πέρι
514 1106 575 1188 τὴν
598 1114 708 1171 πᾶσαν
737 1108 888 1189 σπουδὴν
915 1108 1042 1188 ἔχουσι,
1074 1105 1198 1168 δικαιο-
1214 1121 1274 1163 ιιι»

145 1257 146 1262 1
184 1210 288 1292 σύνης
311 1207 348 1274 δὲ
372 1210 530 1294 ἀμελοῦσι
555 1209 597 1275 δι’
625 1212 668 1294 ἣν
692 1212 896 1296 ἐπιστάμεθα
919 1211 1033 1296 ὀρθῶς
1053 1215 1199 1294 χρῆσθαι

62 1327 64 1330 ’
145 1337 170 1376 10
183 1325 254 1392 τοῖς
276 1305 435 1401 χρήμασι,
462 1314 517 1382 καὶ
540 1327 601 1382 τοῦ
629 1315 691 1402 μὲν
716 1322 772 1402 ζῆν
795 1317 850 1383 καὶ
873 1318 1038 1402 ὑγιαίνειν
1051 1317 1199 1403 ’φροντί

185 1425 277 1500 ζουσι
299 1430 344 1510 τῷ
369 1423 510 1506 σώματι,
538 1432 599 1487 τοῦ
623 1420 660 1488 δὲ
684 1424 795 1509 ὀρθῶς
822 1430 968 1508 χρῆσθαι
991 1431 1030 1509 τῇ
1056 1426 1119 1508 ζωῇ
1142 1421 1199 1487 καῖ

174 1536 222 1613 τῇ
246 1527 342 1616 ὑγεία
366 1528 536 1613 ἀμελοῦσι,
559 1528 614 1594 καὶ
637 1539 694 1613 τῆς
718 1527 778 1614 μὲν
799 1533 901 1614 άλλης
918 1531 1070 1606 παιδείας
1089 1528 1198 1614 ἐπιμε·

184 1639 320 1700 λοῦνται
355 1633 399 1700 δι’
430 1635 473 1718 ἣν
501 1635 660 1701 οὐδέποτε
689 1636 911 1721 ὁμονοητικὴν
940 1639 1057 1721 φιλίαν
1079 1638 1198 1719 κτήσα-

158 1815 160 1822 ,
184 1749 266 1806 σθαι
290 1742 466 1825 δύνανται,
490 1743 552 1826 τὴν
576 1740 614 1807 δὲ
636 1752 694 1826 τῆς
716 1742 873 1827 ὁμονοίας
897 1743 1045 1828 ἀρχηγὸν
1068 1741 1197 1825 ἐπιστή-

144 1868 168 1907 15
184 1857 250 1930 μἠν
277 1858 470 1932 παρορῶσιν
498 1849 569 1931 ἥτις
598 1850 654 1913 διδι
681 1852 883 1934 φιλοσοφίας
912 1851 1017 1934 μόνης
1040 1850 1198 1914 κάλλιστα

183 1957 431 2039 παραγίγνεται,
450 1951 505 2018 καὶ
524 1965 595 2030 ταῖς
614 1952 675 2038 μὲν
693 1955 851 2040 πράξεσιν
870 1955 1084 2042 ἐπιχειροῦσι,
1104 1957 1141 2020 τὸ
1161 1952 1198 2019 δὲ
1317 1984 1327 2052 j

182 2068 252 2134 πῶς
276 2060 329 2125 δεῖ
344 2059 499 2144 πράττειν
524 2058 663 2125 ἕκαστον
680 2072 748 2126 τῶν
768 2065 875 2147 ἔργων
895 2063 972 2128 οὔτε
991 2068 1102 2127 ίσασιν
1122 2062 1198 2126 οὔτε

184 2167 378 2248 λογίζονται.
975 2209 977 2214 -
1326 2239 1327 2246 ¹

269 2266 338 2335 Ἀπ’
361 2272 463 2354 άλλης
486 2268 523 2336 δὲ
547 2271 647 2356 ἀρχῆς
672 2275 840 2358 διαιροῦσι
863 2275 903 2338 τά
925 2283 1075 2339 τοιαῦτα·
1099 2272 1199 2360 χωρὶς
1213 2295 1273 2334 τιν.
1326 2327 1327 2370 3

144 2397 169 2436 νο
184 2378 357 2461 δήπουθέν
381 2376 471 2442 ἐστιν
494 2378 594 2455 αὐτὸς
617 2378 764 2462 ἕκαστος,
787 2377 981 2463 τδιὲαντοῦ,
1004 2380 1113 2446 άίστι
1130 2370 1224 2445 τῶν

183 2485 295 2549 αὑτοῦ.
342 2484 441 2560 αὐτὸς
468 2481 529 2568 μὲν
561 2480 623 2549 οὖν
650 2485 786 2561 ἕκαστός
813 2477 904 2550 ἐστιν
931 2486 1068 2570 ἡμῦνὴ
1097 2491 1197 2572 ψυχή,

182 2593 219 2655 τὸ
244 2585 275 2655 δ’
302 2590 406 2655 αὑτοῦ
431 2591 559 2656 ἔστιτὸ
583 2603 680 2674 σῶμα
705 2589 760 2656 καὶ
782 2592 822 2655 τά
844 2600 906 2657 τοῦ
929 2593 1094 2676 σώματος,
1118 2592 1139 2656 δ
1163 2588 1210 2658 δ’,

183 2695 252 2762 ἐστὶ
275 2707 342 2762 τῶν
366 2695 485 2778 αὑτοῦ,
509 2699 549 2760 τά
571 2687 721 2782 χρήματά
745 2697 850 2780 ἐστιν,
877 2697 941 2762 ὅσα
961 2707 1022 2770 τοῦ
1046 2700 1197 2783 σώματος

184 2801 279 2866 ἕνεκα
302 2801 465 2884 κτώμεθα.
507 2800 562 2865 καὶ
586 2802 759 2888 ἐπιστῆμαι
782 2806 899 2868 τοίνυν
923 2815 1011 2890 τρεῖς
1034 2807 1120 2870 είσιν
1144 2805 1197 2870 ἐπὶ

143 2926 169 2965 ιι
184 2917 254 2983 τοῖς
288 2904 377 2992 τρισὶ
413 2908 544 2984 τούτοις
579 2910 777 2994 πράγμασιν.
824 2909 842 2975 ὁ
875 2906 938 2995 μὲν
969 2906 1031 2975 οὖν
1064 2915 1104 2976 τά
1135 2923 1197 2977 τοῦ

183 3014 333 3097 σώματος
351 3014 538 3122 γινώσριων,
561 3016 601 3079 τά
620 3014 724 3080 αὑτοῦ
747 3011 818 3081 ἀλλ’
841 3017 901 3100 οὐχ
921 3016 1023 3081 αὑτὸν
1043 3021 1195 3102 ἔγνωκεν.

255 3229 269 3278 7
281 3217 422 3305 εο..οῦδὲν
434 3254 466 3263 -
478 3220 584 3293 ἔχουσι]
597 3223 973 3296 cf.Plat.clitoph.p.40713
988 3227 996 3295 ΙΙ
1012 3232 1053 3281 19.
1068 3247 1096 3298 p,
1107 3233 1149 3296 29,
1162 3235 1195 3282 10

182 3292 360 3347 Plat.A101b.
375 3292 388 3345 1
406 3312 433 3363 p.
451 3293 534 3348 13οΕ
548 3312 607 3363 sqq.

252 3492 270 3571 4ε
288 3487 324 3568 τῇ
340 3487 417 3557 ψυχῇ
431 3487 598 3574 μτωεῖοΙοείῖ
613 3488 710 3542 vitelli
723 3491 731 3558 ΙΙ
747 3496 762 3544 7
771 3491 846 3575 φοοῖ
859 3485 921 3545 ὅσοι
935 3494 979 3546 est
992 3512 1029 3561 μη
1045 3493 1169 3548 deletum
1183 3495 1192 3562 ΙΙ
1257 3491 1261 3498 “

182 3561 215 3609 21
235 3575 325 3609 αυτου
345 3557 369 3609 Κ
376 3579 382 3610 :
402 3577 489 3611 ανιον
503 3561 513 3625 ΙΙ
527 3563 560 3611 23
581 3555 639 3612 ἐστι
657 3559 750 3632 <ιαλ>
770 3567 841 3615 aaa?
990 3575 992 3579 ·

135 3839 260 3904 Δ
