2670 3932
172 219 215 284 90
580 217 772 274 IAMBLIOHI

170 383 256 466 σύνη
279 381 438 466 παρέσται
464 379 520 446 καὶ
548 380 752 467 σωφροσύνη
780 388 825 466 τῷ
857 382 1005 468 μακαρίῳ
1030 379 1184 465 μέλλοντι

170 490 321 570 ἔσεσθαι,
356 487 442 553 οὕτω
469 487 642 571 πράττειν,
675 487 737 552 οὐκ
765 485 944 570 ἐπιθυμίας
976 485 1081 552 ἐῶντα
1109 487 1185 553 ἀκο-

170 594 311 670 λάστους
334 587 420 658 εἶναι
442 590 498 657 καὶ
520 600 623 658 ταῦτα
651 591 881 676 ἐπιχειροῦντα
907 596 1074 677 πληροῦν,
1106 591 1184 676 ἀνή-

169 722 273 765 νυτον
294 701 408 781 κακόν,
433 704 557 784 ληστοῦ
580 702 657 782 βίον
681 702 795 778 ζῶντα.
841 698 919 763 ούτε
941 699 1005 785 γὰρ
1028 697 1072 763 ἀν
1095 699 1184 785 ἀλλρι

141 806 339 892 εάνθρύπμ
363 806 553 892 προσφιλὴς
575 811 625 887 είη
646 805 663 871 ὁ
683 813 835 882 τοιοῦτος
858 804 934 870 ούτε
957 811 1042 892 θεῷ·
1065 829 1184 870 κοινω-

168 924 241 978 νεῖν
263 914 328 999 γὰρ
353 910 529 986 ἀδύνατος·
559 910 624 996 ὅτῳ
644 910 717 997 μάρ
741 909 785 994 μὴ
809 911 860 974 ἔνι
882 911 1058 992 κοινωνία,
1087 913 1184 993 φιλία

169 1019 231 1084 οὐκ
259 1018 301 1084 ἀν
328 1023 390 1100 εῖη.
435 1013 517 1100 φασδ
544 1013 582 1080 δὲ
605 1016 640 1081 oi
660 1012 761 1100 σοφοὶ
790 1014 846 1081 καὶ
870 1015 1016 1100 οὐρανὸν
1042 1013 1098 1081 καὶ
1120 1025 1184 1099 γῆν

168 1122 223 1190 καὶ
254 1127 358 1200 θεοὺς
393 1121 447 1187 καὶ
485 1121 687 1208 ἀνθρώπους
722 1123 784 1206 τὴν
815 1125 997 1192 κοινωνίαν
1030 1121 1183 1206 συνέχειν

168 1227 223 1294 καὶ
246 1233 364 1313 φιλίαν
387 1226 442 1295 καὶ
461 1230 661 1312 κοσμιότητα
679 1225 735 1292 καὶ
754 1229 981 1312 σωφροσύνην
999 1226 1055 1293 καὶ
1079 1229 1184 1293 δικαι-

127 1357 154 1396 10
169 1338 279 1419 ότητα,
302 1333 357 1400 καὶ
379 1336 417 1400 τὸ
441 1335 522 1399 ὅλον
540 1341 638 1399 τοῦτο
663 1334 717 1398 διὰ
736 1343 839 1399 ταῦτα
861 1336 988 1418 κόσμον
1010 1338 1182 1417 καλοῦσιν,

168 1442 229 1507 οὐκ
253 1441 416 1526 ἀκοσμίαν
441 1437 520 1505 οὐδὲ
544 1439 734 1505 ἀκολασίαν.
776 1441 837 1505 τὸν
857 1435 894 1504 δὲ
913 1441 957 1524 μὴ
976 1439 1183 1526 προσέχοντα

167 1548 298 1625 τούτοις
329 1546 474 1632 λέληθεν
506 1547 557 1611 ότι
588 1546 608 1630 ἡ
642 1548 753 1631 ίσότης
780 1546 801 1630 ἡ
829 1547 1030 1631 γεωμετρικὴ
1062 1545 1118 1612 καὶ
1146 1545 1184 1611 ἐν

166 1660 261 1732 θεοῖς
288 1652 343 1719 καὶ
372 1653 408 1720 ἐν
440 1653 635 1737 ἀνθρώποις
661 1651 745 1737 μέγα
777 1653 928 1718 δύναται·
962 1650 1006 1718 δι’
1039 1652 1060 1718 δ
1087 1657 1183 1718 πλεο-

167 1761 279 1840 νεξίαν
304 1767 431 1827 οῖονται
455 1761 526 1825 δεῖν
550 1759 680 1826 ἀσκεῖν·
703 1763 903 1845 γεωμετρίας
925 1761 988 1845 γὰρ
1012 1760 1179 1844 ἀμελοῦσι.
1194 1781 1235 1820 110
1245 1777 1274 1820 A.

126 1868 204 1933 15το
237 1865 298 1952 μὲν
331 1862 394 1932 οὖν
422 1867 503 1932 όλον
534 1890 591 1949 της
624 1864 823 1948 εὐδαίμονος
858 1869 940 1949 ζωης
971 1865 1045 1950 πέρι
1078 1865 1184 1942 οὕτως

166 1975 238 2056 ἔχει.
280 1971 378 2037 καλ“
358 1994 468 2037 επεται
488 1968 526 2035 δὲ
544 1971 649 2054 αὐτὴν
671 1973 709 2036 τὸ
732 1977 840 2047 καλῶς
862 1973 1032 2056 αίρεῖσθαι
1055 1976 1181 2056 μᾶλλον
1324 2037 1325 2040 ,

166 2082 333 2161 τελευτᾶν,
358 2071 408 2154 οἷς
427 2077 518 2142 ἐστιν
537 2075 670 2154 ἐξουσία
690 2081 747 2162 ζῆν
767 2079 810 2162 μὴ
829 2083 947 2160 καλως,
965 2075 1047 2162 πρίν
1060 2078 1181 2154 παῖδάς
1195 2098 1271 2138 sssx
1322 2079 1325 2110 ¹

164 2206 200 2248 τε
227 2182 283 2249 καὶ
309 2186 388 2261 τοὺς
415 2186 526 2248 ἔπειτα
554 2185 601 2260 είς
628 2183 742 2268 ὀνείδη
770 2193 986 2268 καταστησαι,
1019 2181 1074 2249 καλ
1102 2181 1181 2268 πρὶν

164 2292 243 2367 τοὺς
265 2290 408 2375 πατέρας
429 2313 464 2354 τε
485 2287 541 2354 καὶ
565 2297 632 2354 πᾶν
658 2290 694 2353 τὸ
718 2292 869 2374 πρόσθεν
893 2288 989 2373 γένος
1012 2291 1181 2374 αἰσχῦναι·

125 2413 153 2452 20
167 2398 211 2483 τῷ
236 2397 299 2481 γὰρ
322 2399 401 2473 τοὺς
424 2396 529 2462 αὑτοῦ
552 2397 747 2480 αίσχύναντι
777 2396 921 2479 ἀβίωτόν
944 2395 1024 2479 ἐστι,
1052 2395 1108 2461 καὶ
1134 2405 1180 2484 τῷ

164 2505 305 2590 τοιούτω
330 2503 406 2568 ούτε
429 2527 479 2579 τις
501 2501 692 2583 ἀνθρώπων
716 2503 792 2567 ούτε
810 2508 902 2567 θεῶν
920 2505 1019 2586 φίλος
1042 2502 1181 2587 ὑπάρχει

165 2606 235 2674 οὔτ’
267 2607 321 2673 ἐπὶ
349 2619 410 2693 γῆς
442 2608 518 2673 ούτε
547 2608 611 2672 ὑπὸ
643 2617 707 2691 γῆν
736 2611 975 2692 τελευτήσαντι.
1021 2610 1083 2693 χρὴ
1117 2604 1180 2674 οὖν

163 2715 271 2779 πάντα
303 2715 426 2798 ἀνδρα,
463 2713 521 2778 ἐάν
554 2735 586 2777 τι
617 2711 672 2778 καὶ
705 2714 785 2779 ἀλλο
822 2714 921 2799 ἀσκῇ,
959 2708 1029 2798 μετ’
1064 2714 1181 2799 ἀρετῆς

165 2820 294 2902 ἀσκεῖν,
321 2820 432 2884 είδότα
456 2819 506 2882 ὅτι
529 2819 651 2884 τούτου
673 2821 852 2903 λειπόμενα
874 2820 1003 2884 ἅπαντα
1025 2819 1081 2886 καὶ
1104 2823 1178 2904 κτη-

123 2943 150 2983 25
165 2949 249 3010 ματα
276 2914 331 2990 καὶ
364 2924 605 3010 ἐπιτηδεύματα
634 2927 753 3012 αίσχρδι
785 2923 839 2990 καὶ
870 2925 962 2990 κακά.
1009 2927 1085 2992 ούτε
1116 2927 1179 3011 γάρ

164 3037 307 3108 πλοῦτος
333 3031 453 3108 κάλλος
482 3030 577 3114 φέρει
604 3039 650 3119 τῷ
675 3030 862 3119 κεκτημένῳ
890 3033 970 3117 μετά
998 3031 1180 3114 ἀνανδρίας

164 3159 241 3164 -η
247 3157 378 3164 .-.--—-

254 3230 294 3280 16.
314 3242 341 3294 p.
356 3229 399 3291 91,
415 3228 448 3276 21
469 3223 542 3278 Plas.
562 3223 670 3279 Mensx.
689 3241 717 3294 p.
732 3228 784 3278 246
795 3222 907 3278 1)-242
918 3223 949 3278 Β.

165 3334 378 3342 ——ffl

255 3406 287 3454 13
303 3394 372 3453 ss*
353 3420 372 3452 α
383 3399 484 3468 scripsi
497 3416 549 3467 pro
563 3395 625 3454 διάε
640 3395 685 3453 διὸ
701 3399 746 3467 (cf.
756 3399 931 3455 Valckenasr
946 3399 982 3453 ad
996 3396 1061 3455 Eur.
1072 3399 1178 3456 Phoen.

164 3509 215 3556 541
235 3522 263 3584 p.
277 3505 341 3573 200)
358 3503 453 3590 nessi?
472 3503 546 3558 unde
565 3501 654 3558 K
670 3503 820 3560 sivitolli
834 3507 843 3574 λλ
859 3511 892 3560 15
912 3483 1000 3560 εύδαί
1019 3507 1029 3575 [Ι
1049 3511 1082 3561 16
1106 3502 1177 3576 αύτῇ

164 3572 277 3641 scripsit
296 3574 320 3626 Κ
334 3576 343 3642 λλ
357 3580 402 3628 20
410 3570 499 3628 αύτου
486 3575 522 3643 ἸΙ
536 3580 570 3629 26
590 3571 768 3644 ἀνανδρείας.
