2674 3932
171 194 214 258 58
579 191 770 247 IAMBLICHI

171 355 297 420 οὐκοῦν
319 352 375 419 καὶ
398 359 523 439 μᾶλλον
547 360 692 439 χρῆσθαι
714 355 773 418 τὸν
794 352 905 437 ὀρθῶς
923 354 1095 437 χρώμενον
1118 378 1182 438 φα-

170 459 262 526 τέον·
285 461 322 525 τὸ
345 462 408 545 γὰρ
428 456 480 544 ἐφ’
504 451 529 549 ᾧ
549 457 605 525 καὶ
624 459 668 536 ὣς
689 457 837 543 πέφυκεν
854 457 1014 543 ὑπάρχειν
1033 467 1078 546 τῷ
1098 483 1182 544 χρω-

171 564 260 652 μένω
291 571 399 643 καλῶς
430 563 485 632 καὶ
516 565 666 650 ἀκριβῶς.
717 567 786 630 ἔστι
818 565 859 648 δὴ
890 562 945 629 καὶ
975 573 1083 649 ψυχῆς
1109 566 1183 648 ἡτοι

171 674 276 756 μόνον
299 671 320 755 ἡ
344 672 484 756 μάλιστα
506 671 641 736 πάντων
664 673 764 755 ἔργον
784 671 822 735 τὸ
842 672 1056 735 διανοεῖσθαί
1069 694 1105 736 τε
1127 667 1184 735 καὶ

144 781 371 861 ιλογίζεσθαι.
412 777 540 843 ἁπλοῦν
558 779 622 861 ἀρα
640 777 705 860 ἡδη
724 784 822 841 τοῦτο
841 773 896 840 καὶ
915 773 1013 840 παντί
1032 776 1183 858 συλλογί-

173 886 287 962 ζεσθαι
315 879 434 970 ῥᾴδιον
462 883 512 946 ὅτι
541 885 576 967 ζὴ
605 886 731 965 μᾶλλον
759 881 777 946 δ
806 881 1045 965 διανοούμενος
1071 879 1184 964 ὀρθῶς

171 986 226 1053 καὶ
253 989 394 1073 μάλιστα
421 988 555 1054 πάντων
583 987 770 1071 δ’μάλιστα
799 986 991 1070 ἀληθεύων,
1020 981 1118 1062 οὗτος
1145 984 1185 1052 δέ
1196 1003 1274 1046 τοοκ.

172 1092 262 1159 ἐστιν
289 1093 307 1158 δ
336 1104 475 1178 φρονῶν
502 1090 558 1159 καὶ
584 1098 726 1177 θεωρῶν
753 1095 835 1158 κατὰ
857 1093 919 1176 τὴν
944 1091 1182 1177 ἀκριβεστάτην

172 1198 367 1282 ἐπιστήμην·
398 1197 454 1263 καὶ
485 1200 523 1267 τό
555 1222 592 1281 γε
623 1197 741 1274 τελέως
773 1201 831 1281 ζῆν
862 1199 935 1263 τότε
966 1195 1022 1264 καί
1053 1199 1185 1276 τούτοις

132 1323 159 1364 10
172 1302 370 1387 ἀποδοτέον,
398 1315 468 1382 τοῖς
495 1312 662 1389 φρονοῦσι
684 1301 831 1380 καὶτοῖς
853 1306 1039 1389 φρονίμοις.
1085 1306 1117 1371 εί
1144 1301 1260 1370 δὲθσΔ.

171 1411 208 1476 τὸ
229 1413 286 1493 ζῆν
305 1409 437 1498 ἐστιτῷ
458 1406 527 1497 ζῴῳ
547 1434 585 1493 γε
602 1409 724 1474 ταύτὸν
742 1408 841 1475 παντί
860 1410 939 1495 ὅπερ
959 1404 1055 1492 είναι,
1080 1411 1183 1494 δῆλον

172 1516 222 1581 ὅτι
240 1514 303 1580 κάν
322 1522 372 1599 είη
391 1539 429 1598 γε
447 1516 587 1600 μάλιστα
606 1513 660 1580 καί
676 1516 861 1601 κυριώτατα
875 1515 1009 1581 πάντων
1028 1515 1046 1580 δ
1066 1517 1184 1601 φρόνι-

172 1643 243 1705 μος,
266 1619 321 1687 καὶ
344 1623 418 1687 τότε
440 1622 581 1705 μάλιστα
599 1630 659 1688 τοῦ
678 1624 802 1706 χρόνου
820 1622 943 1697 παντὸς
967 1621 1047 1686 ὅταν
1065 1619 1183 1706 ἐνεργῇ

171 1724 227 1792 καὶ
249 1727 394 1813 τυγχάνη
414 1733 556 1812 θεωρῶν
574 1728 612 1792 τὸ
631 1728 771 1811 μάλιστα
789 1736 856 1792 τῶν
877 1728 985 1793 ὄντων
1003 1728 1183 1811 γνώριμον.

132 1850 158 1890 15
172 1832 255 1898 ἀλλὰ
277 1833 344 1917 μὴν
366 1834 387 1916 ἡ
410 1857 447 1917 γε
465 1837 573 1899 τελεία
594 1832 743 1917 ἐνέργεια
766 1829 820 1897 καί
838 1831 1006 1909 ἀκώλυτος
1029 1832 1066 1898 ἐν
1085 1830 1184 1916 ἑαυτῇ

172 1939 239 2021 ἐχει
265 1940 303 2003 τὸ
331 1941 474 2022 χαίρειν,
507 1939 590 2004 ὥστε
616 1937 659 2003 ἀν
686 1943 736 2022 είη
766 1937 787 2021 ἡ
815 1938 1002 2022 θεωρητικὴ
1035 1936 1184 2022 ἐνέργεια
1316 2015 1331 2036 .-

172 2053 289 2108 πασῶν
311 2041 437 2126 ἡδίστη.
484 2046 531 2109 ἐτι
559 2044 676 2108 τοίνυν
703 2043 816 2128 ἔτερόν
844 2042 935 2109 ἐστιν
957 2045 994 2109 τὸ
1017 2042 1184 2127 ἡδόμενον

172 2149 283 2214 πίνειν
314 2147 369 2213 καί
398 2151 435 2214 τὸ
467 2148 573 2232 ἡδέως
604 2151 728 2214 πίνειν·
761 2145 860 2214 οὐδέν
892 2151 955 2233 γὰρ
986 2149 1107 2215 κωλύει
1139 2151 1183 2233 μὴ

174 2255 323 2332 διψῶντύ
346 2278 421 2319 τινα
444 2251 528 2340 μηδὲ
551 2256 611 2343 οἴω
635 2256 740 2339 χαίρει
763 2256 884 2338 πόματι
909 2257 1184 2339 προσφερόμενον

131 2377 160 2416 20
173 2362 313 2425 πίνοντα
340 2364 482 2447 χαίρειν,
515 2362 560 2446 μὴ
587 2369 633 2449 τῷ
660 2363 770 2426 πίνειν
803 2360 886 2426 ἀλλά
912 2369 958 2448 τῷ
987 2362 1185 2444 συμβαίνειν

173 2466 240 2549 άμα
262 2472 406 2551 θεωρεῖν
433 2466 454 2552 ἡ
481 2472 686 2552 θεωρεῖσθαι
713 2467 915 2549 καθήμενον.
963 2466 1087 2532 οὐκοῦν
1108 2475 1184 2531 τοῦ-

172 2593 232 2636 τον
255 2572 399 2654 ἡδεσθαι
422 2569 483 2655 μὲν
506 2570 562 2637 καλ
583 2570 750 2655 ἡδόμενον
777 2572 887 2636 πίνειν
915 2574 1080 2655 φήσομεν,
1109 2567 1181 2637 ἀλλ’

173 2676 215 2742 οὐ
241 2684 288 2764 τῷ
316 2679 427 2742 πίνειν
455 2673 534 2743 οὐδὲ
557 2676 662 2760 ἡδέως
686 2678 804 2742 πίνειν.
851 2675 975 2742 ούκοῦν
1002 2677 1107 2754 οὕτως
1128 2674 1185 2742 καὶ

173 2782 308 2864 βάδισιν
331 2779 386 2847 καί
408 2781 579 2867 καθέδραν
601 2780 656 2847 καὶ
678 2784 828 2867 μάθησιν
845 2780 901 2848 καὶ
918 2791 1028 2848 πᾶσαν
1050 2786 1184 2866 κίνησιν

133 2903 159 2944 2⁵
173 2886 315 2971 ἐροῦμεν
332 2886 449 2970 ἡδεῖαν
467 2886 488 2972 ἡ
507 2889 670 2973 λυπηράυ,
690 2888 751 2973 ούχ
770 2888 859 2953 ὅσων
878 2891 1053 2972 συμβαίνει
1072 2894 1183 2955 λυπεί-
1198 2901 1274 2950 1ιεί
1319 2945 1331 2957 .

173 2998 256 3057 σθαι
278 3003 458 3074 παρουσῶν
479 2992 564 3077 ἡμᾶς
586 2993 607 3077 ἡ
630 2997 768 3079 χαίρειν,
792 2990 862 3059 ἀλλ’
886 2987 933 3058 ὧν
955 3001 994 3078 τῇ
1018 2997 1176 3082 παρουσί,

172 3097 229 3164 καὶ
256 3100 453 3183 λυπούμεθα
479 3100 600 3177 πάντες
626 3097 681 3165 καί
708 3100 874 3185 χαίρομεν.
924 3096 980 3164 καί
1008 3101 1093 3182 ζωὴν
1122 3093 1184 3164 ούυ

173 3203 289 3286 ἡδεῖαν
317 3204 439 3289 ὁμοίως
466 3204 620 3290 ἐροῦμεν,
651 3200 690 3288 ἡς
716 3203 737 3287 ἡ
765 3205 930 3287 παρουσία
956 3213 1026 3281 τοῖς
1049 3207 1183 3289 ἐχουσιν

173 3363 386 3374 ——-.

262 3469 277 3516 2
298 3456 319 3533 ᾦ
339 3466 387 3519 καλ
407 3461 443 3528 δς
461 3465 571 3520 Vitelli:
591 3459 607 3517 ὃ
625 3461 673 3518 καλ
692 3458 729 3522 ὡς
741 3462 751 3528 ἡ
764 3457 908 3530 πέφυκεν,
927 3457 1048 3532 ὑπάρχει
1066 3465 1184 3537 scripse·

172 3535 218 3586 rat
235 3533 260 3584 K
274 3535 284 3601 ΙΙ
299 3539 330 3586 11
350 3536 388 3607 τῷ
407 3533 467 3606 ζώω
486 3538 523 3588 A:
542 3529 574 3587 τὸ
595 3530 661 3597 ζύω.

1320 282 1321 358 λ

1319 448 1322 504 ι

1310 509 1322 570 λ
