2674 3932
173 193 217 256 42
583 191 774 248 IAMBLICHI

172 356 337 438 πράττειν.
383 356 454 439 ἥτις
489 350 569 421 τοτὲ
606 349 669 420 οὑν
707 354 797 420 ἐστιν
834 354 934 441 ἀρετὴ
969 356 1091 421 τούτου
1128 365 1189 421 τοῦ

173 461 309 547 μέρους,
341 461 523 545 ἀναγκαῖον
551 456 637 526 εἶναι
664 462 799 526 πάντων
827 462 1050 549 αἱρετωτάτην
1078 461 1189 540 ἁπλῶς

172 592 208 634 τε
230 577 310 633 πᾶσι
333 565 388 633 καὶ
410 568 504 653 ἡμῖν·
532 565 587 633 καὶ
610 569 674 654 γάρ
697 567 740 633 άν
762 577 876 652 τοῦτο,
901 563 1003 653 οἶμαι,
1026 570 1104 652 θείη
1127 591 1188 651 τις,

174 676 219 751 ὡς
236 676 310 758 ἤτοι
329 677 435 759 μόνον
453 673 473 758 ἣ
493 675 634 759 μάλιστα
652 674 746 759 ἡμεῖς
769 675 869 760 ἐσμεν
886 675 924 740 τὸ
943 677 1063 760 μόριον
1081 683 1188 740 τοῦτο.

145 785 222 846 δέτι
252 785 371 848 τοίνυν
399 782 480 846 ὅταν
509 779 526 846 ὃ
559 779 708 865 πέφυκεν
736 784 836 867 ἔργον
865 780 1006 862 ἑκάστου
1035 781 1079 866 μη
1108 783 1216 845 κατά·
1321 795 1331 832 ⁶¹

174 890 385 973 συμβεβηκὸς
408 887 491 953 ἀλλά
512 882 592 952 καθ’
619 887 699 952 αὑτὸ
723 890 905 972 λεγόμενον
929 888 1086 953 κάλλιστα
1109 887 1188 952 ἀκο-

172 1001 259 1080 τελη,
283 998 358 1060 τότε
379 991 552 1059 καὶτοῦτο
577 993 709 1076 ἀγαθὸν
733 989 819 1058 εἶναι
837 993 982 1077 λεκτέον,
1005 994 1130 1076 ταύτην
1152 1017 1187 1058 τε
1203 1014 1282 1055 ιιεκ.

172 1100 293 1185 ἀρετὴν
330 1099 450 1166 θετέον
486 1100 709 1188 κυριωτάτην,
745 1098 825 1165 καθ’
858 1101 902 1184 ἣν
933 1100 1073 1165 ἕκαστον
1105 1100 1187 1165 αὐτὸ

171 1215 271 1272 τοῦτο
294 1206 444 1291 πέφυκεν
467 1206 721 1292 ἀπεργάζεσθαι.
765 1216 827 1272 τοῦ
850 1204 911 1292 μὲν
933 1202 996 1272 οὑν
1019 1205 1189 1272 συνθέτου

92 1329 98 1344 ·
133 1335 159 1376 ιο
174 1310 228 1376 καὶ
260 1320 418 1397 μεριστοῦ
449 1315 585 1388 πλείους
616 1307 671 1375 καὶ
704 1311 868 1396 διάφοροί
896 1313 982 1376 εἰσιν
1014 1309 1189 1395 ἐνέργειαι,

147 1460 150 1466 ,
171 1427 231 1483 τοῦ
256 1414 293 1483 δὲ
315 1418 378 1501 την
401 1419 506 1502 φύσιν
534 1417 642 1483 ἁττλοῦ
668 1414 724 1482 καὶ
756 1418 800 1502 μη
824 1419 907 1503 πρὸς
929 1416 961 1483 τὶ
984 1417 1047 1503 τὴν
1070 1419 1190 1485 οὐσίαν

171 1527 305 1610 ἔχοντος
333 1527 413 1609 μίαν
436 1524 619 1607 ἀναγκαῖον
648 1519 735 1589 εἶναι
761 1524 824 1607 τὴν
850 1521 930 1589 καθ’
957 1524 1039 1591 αὑτὸ
1067 1528 1191 1611 κυρίως

172 1631 302 1716 ἀρετην.
340 1633 371 1696 εί
387 1627 449 1716 μέν
472 1625 536 1696 οὖν
555 1630 685 1695 άτιλοῦν
702 1653 735 1696 τι
755 1633 839 1719 ζῷόν
858 1629 949 1696 ἐστιν
971 1629 989 1696 ὑ
1009 1632 1191 1719 άνθρωτιος
1330 1701 1331 1732 ρ

172 1737 228 1804 καὶ
251 1741 333 1804 κατά
356 1740 459 1822 λόγον
483 1734 538 1804 καὶ
556 1746 643 1802 νοῦν
661 1735 812 1802 τέτακται
831 1736 937 1802 αὑτοῦ
955 1736 976 1820 ἡ
996 1737 1105 1822 οὐσία,
1129 1738 1191 1804 οὐκ
1318 1741 1331 1780 ·’

129 1864 156 1905 ιε
171 1847 251 1911 ἀλλο
280 1843 371 1910 έστὶν
395 1845 500 1910 αὑτοῦ
528 1847 628 1929 ἔργον
654 1843 675 1926 ἣ
699 1846 785 1928 μόνη
812 1842 834 1926 ἡ
862 1843 1078 1929 ἀκριβεστάτη
1108 1845 1185 1928 ἀλη-

169 1958 248 2017 θεια
275 1949 330 2017 καὶ
357 1953 394 2016 τὸ
422 1947 498 2036 περὶ
525 1961 593 2015 τῶν
621 1951 729 2015 ὄντων
752 1948 947 2033 ἀληθεύειν·
978 1953 1010 2016 εί
1036 1945 1067 2015 δ’
1093 1949 1184 2016 ἐστὶν

170 2058 206 2123 έκ
233 2060 396 2123 πλειόνων
424 2057 601 2142 δυνάμεων
628 2059 859 2141 συμπεφυκός,
887 2058 992 2141 δῆλόν
1020 2057 1111 2123 ἐστιν
1139 2057 1184 2134 ὡς

169 2160 227 2248 ἀφ’
254 2158 296 2254 οὑ
325 2165 426 2228 κλείω
453 2161 603 2248 πέφυκεν
631 2162 881 2247 ἀποτελεῖσθαι,
909 2162 960 2228 ἀεὶ
987 2163 1117 2229 τούτων
1144 2164 1183 2228 τὸ

169 2272 342 2354 βέλτιστον
361 2271 462 2355 ἔργον
481 2269 581 2354 ἐστίν,
607 2263 681 2335 οἷον
701 2271 852 2355 ἰατρικοῦ
875 2269 972 2354 ὑγεία
995 2267 1050 2335 καὶ
1073 2273 1178 2354 κνβερ
1200 2290 1265 2330 sss.

127 2396 155 2437 νο
169 2379 273 2461 νητου
291 2379 446 2462 σωτηρία.
488 2374 620 2460 βέλτιον
640 2373 676 2441 δὲ
696 2373 797 2443 οὐδὲν
816 2379 933 2461 έχομεν
953 2376 1062 2460 λέγειν
1081 2379 1181 2460 έργον

169 2492 227 2566 τῆς
255 2485 407 2560 διανοίας
436 2483 456 2568 ἣ
484 2493 546 2548 τοῦ
579 2482 825 2567 διανοουμένου
857 2491 915 2566 τῆς
947 2492 1055 2568 ψυχῆς
1082 2482 1178 2568 ἡμῶν

169 2590 336 2673 ἀληθείας.
374 2590 515 2674 άληθεια
533 2591 598 2672 ἀρα
620 2591 658 2660 τὸ
681 2588 887 2673 κυριώτατον
910 2592 1011 2674 ἔργον
1035 2587 1104 2655 ἐστὶ
1121 2599 1184 2655 τοῦ

169 2700 290 2781 μορίου
321 2697 444 2761 τοῦτον
476 2704 534 2778 τῆς
565 2703 681 2780 ψυχῆς.
727 2703 825 2760 τοῦτο
856 2692 893 2760 δὲ
921 2697 986 2784 δρᾷ
1013 2691 1084 2761 κατ’
1116 2696 1276 2762 sus-1201.

170 2803 299 2886 στημην
317 2801 439 2883 ἁπλῶς,
461 2806 588 2885 μᾶλλον
608 2797 645 2867 δὲ
663 2803 746 2867 κατὰ
763 2803 825 2886 την
844 2807 971 2887 μᾶλλον
990 2801 1185 2887 έκιστημην,

127 2927 156 2968 ss
172 2909 275 2994 ταῦτη
301 2905 331 2973 δ’
354 2906 424 2973 ἐστὶ
446 2911 574 2994 θεωρία
596 2910 634 2974 τὸ
658 2909 864 2995 κυριώτατον
882 2907 985 2987 τέλος.
1022 2910 1185 2995 ὅτανγὰρ

173 3016 271 3080 δυοῖν
295 3017 409 3081 ὄντοιν
431 3015 578 3101 θάτερον
602 3016 658 3080 διὰ
680 3017 827 3101 θάτερον
846 3017 979 3102 αίρετὸν
997 3007 1029 3101 ᾗ,
1054 3015 1186 3100 βέλτιόν

171 3121 241 3188 έστι
267 3130 367 3188 τοῦτο
394 3121 450 3187 καὶ
477 3127 604 3208 μᾶλλον
627 3123 760 3208 αίρετὸν
785 3117 829 3187 δι’
855 3123 936 3207 ὑτερ
959 3123 1092 3208 αίρετόν
1116 3122 1185 3188 έστι

169 3227 222 3293 καὶ
250 3229 413 3312 θάτερον,
446 3220 520 3294 οἷον
546 3228 653 3312 ἡδονὴ
681 3226 742 3313 μέν
770 3239 838 3294 τῶν
867 3227 991 3314 ἡδέων,
1023 3228 1120 3313 ὑγεία
1148 3227 1185 3294 δὲ
1317 3231 1327 3260 ”

168 3345 235 3399 τῶν
267 3335 438 3418 ὑγιεινῶν·
470 3344 573 3400 ταῦτα
603 3336 667 3420 γάρ
699 3336 854 3418 ποιητικά
885 3333 1015 3418 λέγεται
1046 3337 1185 3401 τούτων.

258 3495 274 3542 6
293 3486 365 3543 καθ’
386 3487 457 3544 αὑτὸ
481 3491 594 3560 scripsit
612 3489 650 3544 K:
675 3486 739 3544 κατ’
761 3486 831 3546 ου’τὸ
850 3493 859 3562 ΙΙ
879 3496 911 3547 17
935 3491 1128 3563 συμπεφυκάς
1150 3508 1184 3546 ex

168 3575 263 3630 apogr.
284 3559 392 3614 Oizensi
411 3562 506 3630 ΚΙΙ23
525 3558 627 3614 τούτου
647 3561 760 3630 scripsit
777 3562 815 3616 K:
834 3563 894 3618 τοῦ.
