2674 3932
446 198 719 255 PROTREPTICUS
738 200 834 268 (ιιι).
1056 270 1062 276 ,
1103 201 1144 264 27

127 361 196 443 ἅμα
214 362 252 424 τό
271 357 305 424 τε
323 370 433 426 ποιεῖν
452 358 561 425 καὶτὸ
582 361 780 427 ἐπίστασθαι
799 360 853 427 καί
872 368 1017 448 χρῆσθαι
1038 364 1144 450 τούτῳ

51 465 148 532 τπδ’
173 464 215 530 ἀν
237 468 368 551 ποιήσῃ.
410 468 442 531 εί
456 470 573 532 τοίνυν
592 467 629 531 αλ
648 464 710 551 μὶν
732 469 830 534 ἀλλαι
846 476 949 533 πᾶσαι
972 466 1145 552 ἐπιστῆμαι

126 575 328 655 θηρευτικαί
342 571 429 648 τινές
449 573 513 636 είσι
530 569 585 637 καλ
598 571 899 656 παρασκευαστικαὶ
912 582 980 637 τῶν
994 573 1144 657 ἀγαθῶν,

127 682 213 763 μόνη
243 676 280 744 δὲ
307 679 328 762 ἡ
355 676 449 744 τελέα
479 679 680 762 δικαιοσύνη.
703 677 758 745 καί
786 683 951 765 φρόνησις
979 680 1041 762 τὴν
1070 679 1139 746 κατ’

127 785 224 864 ἀξίαν
242 795 362 870 χρῆσιν
378 794 554 850 ποιοῦνται
572 783 697 873 ἑκάστῳ
716 784 771 851 καὶ
795 775 1002 872 ἀναφέρουσι
1020 787 1171 870 ταύτηνῠ

127 891 210 976 πρὸς
237 892 296 960 τὸν
323 891 470 976 ἡγεμόνα
499 900 598 974 νοῦν,
632 891 715 975 αὕτη
749 891 790 958 ἀν
822 898 872 974 είη
905 888 945 975 ἧς
974 893 1027 957 δεῖ
1057 893 1143 958 ἀντι·
1242 901 1244 908 ’

126 1003 307 1062 ποιεῖσθαι.
353 995 408 1063 καὶ
435 999 499 1082 γὰρ
526 1000 563 1062 τὸ
590 1004 735 1084 θεωρεῖν
762 995 817 1063 καὶ
844 1002 972 1084 κρίνειν
1000 997 1037 1064 ἐν
1060 999 1143 1084 αὐτῇ

128 1105 193 1188 ἔχει
216 1101 271 1168 καί
294 1104 350 1179 τὰς
375 1101 476 1188 ἀρχὰς
499 1105 565 1188 ἔχει
587 1113 645 1188 τῆς
668 1103 774 1187 ὀρθῆς
801 1107 948 1188 χρήσεως
974 1115 1041 1169 τῶν
1064 1105 1143 1188 ἀγα-

128 1215 213 1292 θῶν,
237 1204 276 1292 ἧς
293 1210 449 1292 τυχόντες
471 1213 580 1285 καλῶς
603 1208 645 1274 ἀν
659 1210 718 1273 τὸν
737 1208 909 1274 ἐπίλοιπον
927 1212 1004 1292 βίον
1023 1209 1143 1290 διεξέλ-

51 1333 111 1376 ιεε.
126 1323 256 1399 θοιμεν.
302 1315 441 1397 τοιαύτη·
462 1317 512 1391 τίς
534 1315 625 1380 ἐστιν
648 1315 668 1399 ἡ
692 1314 728 1382 ἐκ
746 1324 803 1400 τῆς
826 1317 999 1402 <πρώτης>
1022 1316 1141 1404 θιαιρέ-
1158 1334 1183 1397 10

128 1439 210 1499 σεως
232 1421 452 1507 προτρεπτικὴ
477 1422 608 1505 ἔφοδος.

207 1527 310 1611 ’Ἀλλη
334 1526 374 1592 δέ
395 1527 464 1592 ἐστι
486 1529 575 1613 παρὰ
600 1527 713 1604 αὐτοῖς
736 1530 871 1612 τοιαύτη
897 1530 1070 1615 διαίρεσις·
1098 1531 1143 1607 ὡς

127 1627 197 1699 ἔστι
223 1632 284 1717 μίν
313 1657 345 1698 τι
371 1634 460 1718 ψυχὴ
490 1635 558 1697 ἔστι
586 1633 626 1698 δέ
650 1658 682 1699 τι
710 1644 804 1717 σῶμα
831 1634 868 1699 ἐν
895 1635 989 1718 ἡμίν,
1022 1633 1077 1700 καὶ
1103 1638 1140 1701 τὸ

127 1736 189 1824 μὲν
216 1741 308 1824 ἀρχει
335 1741 373 1805 τὸ
403 1736 440 1804 δὲ
472 1740 619 1830 ἀρχεται,
651 1737 707 1804 κοιλ
734 1740 772 1804 τὸ
804 1737 866 1824 μὲν
897 1749 1014 1826 χρῆται
1040 1743 1078 1806 τὸ
1108 1733 1137 1805 θ’

127 1843 197 1912 ἐστὶ
223 1855 377 1911 τοιοῦτον
407 1837 480 1911 οἷον
509 1837 535 1934 ᾧ
563 1853 696 1931 χρῆται,
726 1845 781 1911 καὶ
808 1847 846 1912 τὸ
874 1843 935 1931 μὲν
961 1852 1059 1912 θεῖον
1086 1845 1141 1911 καί
1157 1865 1182 1906 15
1269 1885 1272 1892 ·

127 1952 258 2036 ἀγαθὸν
285 1950 340 2018 καί
369 1954 573 2018 οἰκειότατον
596 1952 692 2038 ἡμῖν,
720 1956 758 2019 τὸ
787 1950 825 2036 δὲ
847 1955 954 2030 ἀλλοις
978 1970 1141 2039 συνηρτη-

126 2057 229 2143 μένον
252 2059 436 2146 ὑπουργίας
458 2061 550 2136 τινὸς
572 2058 668 2126 ἕνεκα
696 2047 751 2125 καὶ
774 2063 885 2145 χρείας
908 2060 1066 2144 ἐχόμενον
1084 2069 1142 2145 τῆς

126 2166 174 2241 είς
195 2166 255 2230 τὸν
278 2167 394 2231 κοινὸν
413 2168 493 2248 βίον
516 2167 575 2230 τὸν
595 2165 820 2251 ἀνθρώπινον.
868 2167 922 2230 δεῖ
941 2169 1058 2232 τοίνυν
1080 2175 1140 2232 τοῦ

126 2271 286 2355 ἀρχοντος
304 2276 432 2356 μᾶλλον
450 2268 533 2335 ἀλλὰ
551 2271 595 2354 μὴ
614 2278 676 2336 τοῦ
690 2269 887 2354 ἀρχομένου,
906 2268 961 2334 καί
976 2280 1035 2336 τοῦ
1048 2278 1140 2336 θειο-

125 2374 229 2462 τέρου
243 2374 298 2441 καὶ
318 2375 519 2461 οίκειοτέρου
538 2375 618 2460 ἡμῖν
637 2375 720 2440 ἀλλὰ
741 2377 785 2460 μὴ
804 2384 865 2440 τοῦ
882 2375 1140 2461 καταθεεστέρου
1155 2396 1181 2434 2⁰

126 2480 365 2567 ἐπιμελεῖσθαι.

48 2609 111 2678 τετε.
219 2590 329 2675 Ταύτη
354 2584 386 2654 θ’
413 2588 481 2654 ἐστὶ
504 2591 716 2676 παραπλησία
739 2588 874 2672 τοιαύτη
899 2589 1072 2673 διαίρεσις·
1096 2589 1140 2666 ὡς

124 2702 219 2778 τριχῇ
233 2695 287 2758 -τά
314 2693 456 2781 ἡμέτερα
482 2681 590 2762 πάντα
613 2692 782 2781 διῄρηται,
810 2701 857 2772 είς
874 2717 918 2780 ιτε
946 2696 1057 2780 ψυχὴν
1085 2692 1139 2760 καὶ
1164 2748 1167 2754 .

126 2809 221 2882 σῶμα
249 2798 304 2865 καί
332 2801 372 2865 τὰ
401 2809 462 2866 τοῦ
490 2802 652 2885 σώματος·
685 2803 814 2866 τούτων
846 2797 883 2865 δὲ
915 2802 955 2865 τολ
982 2800 1043 2886 μέν
1071 2801 1140 2868 ἐστι
1162 2805 1165 2812 ’
1190 2791 1192 2796 ’

38 2915 42 2924 ’
127 2914 249 2988 πρῶτα,
272 2907 313 2979 td
337 2903 373 2971 δὲ
393 2907 541 2991 δεύτερα,
564 2897 604 2970 τά
623 2903 660 2972 δὲ
678 2909 784 2992 τρίτα·
807 2904 862 2971 καί
880 2908 1139 2995 προηγουμένως
1153 2913 1191 2966 25'

215 3104 280 3166 θος.
300 3093 595 3170 ἦς-διεξὲλθοιμεν]
615 3097 650 3153 cf.
670 3098 741 3153 Plat.
761 3081 889 3169 Euthyu'.
903 3117 929 3168 p.
945 3104 997 3153 293
1009 3100 1040 3152 Α.

125 3208 339 3218 ——-—.-—-

217 3280 230 3328 1
251 3269 473 3329 dnlovoeodavex
489 3275 511 3329 P
531 3273 642 3343 scripsi:
661 3278 808 3329 ποιεῖσθαι
821 3276 861 3344 nb
881 3269 1001 3330 ἕκύστου
1016 3274 1116 3330 vitelli
1129 3275 1139 3348 n

127 3350 142 3398 7
163 3340 194 3398 ἐν
210 3341 297 3416 ἑαυτῇ
313 3340 395 3416 (αὐτῇ
412 3346 519 3415 scn'psi)
535 3344 693 3415 scripsit&
710 3341 814 3414 ἕαντὴν
829 3347 838 3416 ΙΙ
854 3351 886 3399 10
901 3344 1011 3415 πρύτης
1024 3345 1138 3416 (sciLA,
1182 3345 1186 3354 ”
1225 3359 1231 3371 ·

125 3415 201 3482 quod
219 3415 297 3469 facili
316 3432 407 3470 errore
422 3415 527 3470 excidit
540 3419 605 3470 ante
621 3418 657 3486 Δ)
677 3415 787 3470 addidit
801 3416 910 3470 Vitelli:
930 3414 1076 3489 (ταύτης)
1090 3419 1138 3486 τῆς

126 3487 331 3555 εοιίρεοιοιΚι
351 3487 441 3555 possis
460 3487 547 3542 etiam
564 3485 693 3560 <τῆτθε>
712 3488 783 3556 τῆςί]
802 3493 834 3541 13
854 3485 905 3556 μέν
925 3509 951 3540 τι
970 3487 1083 3560 εοιίμείλ
1100 3486 1137 3541 K:

125 3555 224 3626 μέντοι
236 3559 246 3627 ΙΙ
261 3561 294 3611 15
314 3555 375 3612 οἷον
393 3551 429 3631 ᾧ]
449 3558 499 3628 ολφ
518 3557 631 3628 scripsit
647 3557 765 3614 fortasse
782 3559 843 3612 rect
877 3558 910 3611 K.
