2674 3932
165 173 213 236 66
573 171 764 227 ιεΜειιοΗι

163 337 324 419 κοσμίως,
354 335 485 410 τούτοις
512 336 627 418 μόνοις
654 337 827 419 προσήκει,
855 345 928 412 τοῖς,
951 338 1092 420 μάλιστα
1119 345 1180 401 τοῦ

165 442 318 526 σώματος
344 441 549 525 ὀλιγωροῦσί
574 463 609 505 τε
635 438 691 506 καὶ
720 439 757 506 ἐν
785 445 971 529 φιλοσοφίᾳ
1002 447 1110 522 ζῶσιν.
1151 445 1182 507 εί

165 549 229 632 γάρ
252 545 379 624 ἐθέλεις
403 547 561 630 ἐννοῆσαι
588 549 650 629 τὴν
673 571 711 629 γε
737 558 806 613 τῶν
829 550 941 614 ἀλλων
963 548 1123 632 ἀνδρείαν
1140 563 1180 613 Ιτε

163 652 220 720 καὶ
243 653 487 738 σωφροσύνην,
513 651 603 731 δόξει
626 669 680 718 σοι
704 647 791 719 εἶναι
814 656 944 732 άτοπος.
991 649 1093 720 οἶσθα
1116 656 1179 739 γὰρ
1195 678 1257 722 τοι.

138 762 276 844 ιδὴπου
300 761 351 826 ὅτι
373 761 432 825 τὸν
449 759 602 824 θάνατον
621 757 782 843 ἡγοῦνται
800 762 921 838 πάντες
943 762 979 826 ολ
998 761 1094 826 άλλοι
1112 772 1180 827 τῶν

165 867 318 953 μεγάλων
340 877 461 932 κακῶν.
503 867 628 932 ούκοῦν
650 867 747 954 φόβῳ
771 869 933 951 μειζόνων
952 865 1180 951 ὑπομένουσιν
1324 863 1325 946 λ

166 975 276 1040 αὐτῶν
300 974 336 1040 οί
355 973 505 1059 ἀνδρεῖοι
527 974 586 1038 τὸν
606 972 769 1056 θάνατον,
793 973 875 1039 όταν
893 972 1094 1058 ὑπομένωσι.
1134 981 1180 1060 τῷ
1324 961 1325 970 ¹

166 1079 313 1145 δεδιέναι
340 1081 404 1165 ἀρα
431 1077 487 1144 καλ
518 1077 586 1144 δέει
614 1078 768 1163 ἀνδρεῖοί
796 1081 860 1145 είσι
886 1081 1006 1158 πάντες
1032 1081 1120 1163 πλὴν
1148 1079 1183 1145 ολ

165 1189 358 1272 φιλόσοφοι.
403 1187 511 1251 καίτοι
543 1186 667 1268 άλογόν
701 1209 738 1268 γε
776 1185 843 1251 δέει
879 1188 955 1252 τινὰ
985 1185 1040 1251 καλ
1073 1186 1181 1274 δειλίᾳ

124 1313 152 1354 10
166 1293 324 1378 ἀνδρεῖον
351 1286 446 1357 εἶναι.
492 1295 525 1356 τί
551 1288 588 1355 δὲ
611 1292 646 1357 ολ
670 1292 802 1375 κόσμιοι
831 1292 956 1371 αύτῶν;
989 1293 1030 1357 ού
1057 1292 1181 1357 ταύτὸν

165 1402 272 1488 τούτῳ
297 1400 522 1477 πεπόνθασιν;
547 1396 708 1484 ἀκολασίᾳ
729 1395 797 1463 τινὶ
816 1394 989 1482 σώφρονές
1007 1399 1086 1476 είσι;
1110 1401 1181 1462 καί·

165 1528 218 1572 τοι
242 1503 352 1591 φαμέν
374 1528 413 1588 γε
436 1505 604 1569 ἀδύνατον
628 1497 725 1586 εἶναι,
751 1498 824 1568 ἀλλ’
850 1505 939 1588 ὅμως
962 1504 1075 1580 αὐτοῖς
1099 1518 1181 1588 σύμ»

165 1615 276 1697 βαίνει
302 1611 408 1699 τούτῳ
437 1611 555 1695 ὅμοιον
585 1611 622 1674 τὸ
655 1610 765 1686 πάθος
795 1612 833 1676 τὸ
860 1607 935 1695 περὶ
965 1611 1090 1693 ταύτην
1118 1611 1179 1694 τὴν
1194 1634 1272 1676 κνοω.

166 1720 274 1804 εὐήθη
303 1717 542 1804 σωφροσύνην·
575 1717 782 1802 φοβούμενοι
809 1718 872 1802 γάρ
901 1713 1023 1801 ἑτέρων
1046 1715 1180 1799 ἡδονῶν

125 1846 152 1885 ιι
167 1832 371 1911 στερηθῆναι
399 1821 458 1912 καὶ
490 1823 732 1906 ἐπιθυμοῦντες
769 1822 923 1905 ἐκείνων,
960 1823 1072 1888 ἀλλων
1103 1821 1179 1888 ἀπέ-

165 1954 281 2016 χονται
314 1926 370 1994 ὑπ’
407 1930 517 1993 ἀλλων
548 1931 778 2013 κρατούμενοι.
828 1930 935 1993 καίτοι
967 1930 1110 1994 καλοῦσί
1141 1952 1178 2011 γε
1324 2011 1325 2018 ¹

167 2037 348 2101 ἀκολασίαν
376 2035 413 2098 τὸ
441 2034 506 2098 ὑπὸ
534 2044 602 2099 τῶν
624 2034 759 2118 ἡδονῶν
786 2035 963 2119 άρχεσθαι·
991 2030 1064 2100 ἀλλ’
1091 2034 1180 2118 ὅμως

166 2142 343 2225 συμβαίνει
376 2139 489 2216 αὐτοῖς
520 2137 759 2225 κρατουμένοις
791 2138 849 2223 ὑφ’
880 2139 1015 2223 ἡδονῶν
1046 2153 1179 2226 κρατεῖν

166 2249 277 2314 ἀλλων
313 2246 455 2330 ἡδονῶν.
508 2255 607 2312 τοῦτο
645 2245 675 2312 δ’
712 2247 830 2332 ὅμοιόν
867 2247 958 2312 ἐστιν
990 2247 1008 2312 ὃ
1040 2257 1105 2313 νῦν
1137 2249 1180 2332 δὴ

125 2375 153 2414 το
167 2357 300 2439 ἔλεγον,
327 2356 453 2439 τρόπον
480 2356 556 2421 τινά
584 2352 628 2419 δι’
655 2353 838 2420 ἀκολασίαν
861 2355 982 2432 αὐτοὺς
1010 2370 1180 2440 σεσωφρο-

165 2466 292 2528 νίσθαι.
339 2461 381 2527 ού
408 2465 527 2527 τοίνυν
555 2461 638 2546 αὕτη
667 2460 757 2527 ἐστίν
784 2461 804 2544 ἡ
833 2461 921 2547 όρθὴ
949 2463 1032 2546 πρὸς
1059 2460 1180 2546 ἀρετὴν

166 2570 307 2654 ἀλλαγη,
335 2568 460 2652 ἡδονάς
488 2569 572 2653 πρὸς
598 2569 723 2651 ἡδονάς
749 2564 806 2633 καὶ
833 2568 938 2644 λύπας
964 2568 1048 2652 πρὸς
1075 2567 1180 2642 λύπας

165 2675 220 2742 καλ
253 2677 363 2759 φόβον
389 2675 473 2759 πρὸς
505 2677 616 2758 φόβον
643 2674 938 2757 καταλλάττεσθαι,
971 2676 1069 2758 μείζω
1097 2674 1181 2758 πρὸς

166 2782 304 2864 ἐλάττω,
335 2781 445 2865 ὥσπερ
475 2784 677 2865 νομίσματα,
710 2776 783 2845 ἀλλ’
813 2771 834 2865 ᾖ
864 2779 972 2846 ἐκεῖνο
1004 2782 1111 2864 μόνον
1141 2780 1179 2843 τὸ
1194 2801 1256 2844 τινα
1324 2779 1325 2836 Ξ

126 2906 153 2948 25
166 2890 312 2972 νόμισμα
336 2887 460 2972 ὀρθόν,
492 2885 566 2952 ἀντὶ
596 2881 637 2952 οὗ
665 2887 720 2951 δεῖ
743 2886 850 2951 πάντα
878 2895 981 2952 ταῦτα
1002 2886 1180 2952 καταλλάτ-

166 2999 300 3076 τεσθαι,
332 2996 513 3081 φρόνησις,
545 2990 602 3058 καὶ
631 2993 753 3057 τούτου
785 2989 846 3076 μὲν
874 2993 981 3058 πάντα
1012 2991 1068 3057 καὶ
1100 2993 1180 3076 μετά

166 3103 289 3167 τούτου
313 3101 489 3186 ὠνούμενά
511 3124 546 3165 τε
568 3097 624 3165 καὶ
647 3100 897 3184 πιπρασκόμενα
921 3107 965 3185 τῷ
984 3101 1057 3164 όντι
1080 3090 1102 3184 ᾖ
1124 3096 1181 3163 καὶ

168 3209 306 3293 ἀνδρεία
324 3204 380 3273 καὶ
397 3207 601 3292 σωφροσύνη
620 3203 676 3271 καὶ
695 3204 892 3287 δικαιοσύνη
911 3201 967 3270 καὶ
986 3206 1180 3290 συλλήβδην

167 3313 297 3397 ἀληθὴς
328 3313 427 3397 άρετὴ
459 3314 540 3396 μετὰ
572 3314 781 3397 φρονήσεως,
817 3307 872 3374 καὶ
903 3309 1179 3395 προσγινομένων
1194 3334 1269 3376 mx.
1324 3307 1325 3330 *

240 3457 272 3503 11
288 3448 343 3505 εἶσι
356 3452 418 3520 (sic)
433 3468 483 3519 pr„
503 3466 572 3504 corr.
588 3447 662 3504 εἶναι
675 3452 685 3518 ἡ
699 3453 733 3503 19
747 3445 851 3516 ἄλλων]
871 3448 911 3502 sic
924 3452 934 3519 ΙΙ
948 3450 1011 3506 fort.
1030 3449 1129 3522 τούτῳ,
1149 3454 1180 3504 at

168 3539 203 3594 ef.
214 3537 235 3590 P
245 3537 294 3592 ubi
307 3529 328 3609 ᾦ
339 3539 392 3590 νῦν
402 3532 437 3607 δὴ
449 3534 568 3606 ἐλέγετο,
583 3538 621 3608 τῷ
631 3539 687 3590 κτλ,
701 3539 711 3603 ΙΙ
725 3541 759 3589 20
775 3531 866 3606 &2272’
880 3537 889 3605 ἡ
903 3541 938 3590 24
953 3542 982 3593 et
996 3544 1030 3592 27
1044 3529 1075 3609 ἦ]
1087 3532 1103 3606 ἢ
1115 3535 1179 3606 eth.
