2674 3932
179 187 223 252 52
587 183 775 239 ιΑυειῑοΗι

180 350 380 432 γιγνόμενον
409 347 509 430 φύσει
534 356 604 422 τοῖς
631 344 839 428 ἀνθρώποις,
868 346 921 410 διὸ
949 343 1003 410 καὶ
1028 346 1065 410 τὸ
1088 353 1192 430 γῆρας

182 453 398 519 ἀντιποιεῖται
417 453 538 518 τούτου
557 454 748 535 μόνοντῶν
772 451 924 535 ἀγαθῶν·
946 454 1111 537 φρόνησις
1128 443 1193 537 ἀρα

180 583 232 637 τις
257 561 339 624 κατὰ
368 558 474 643 φύσιν
501 557 581 641 ημῖν
609 556 678 622 ἐστι
704 558 741 622 τὸ
771 555 865 634 τέλος
895 555 950 622 καλ
981 559 1019 622 τὸ
1050 567 1193 642 φρονεῖν

182 668 321 750 ἔσχατον
348 659 390 731 οὗ
418 663 516 749 χόριν
543 665 736 747 γεγόναμεν.
781 663 907 729 οὐκοῦν
937 665 968 728 εἰ
996 665 1192 747 γεγόναμεν,
1207 681 1284 721 1481?-

155 787 168 828 ⁵
183 773 288 855 δῆλον
306 771 357 836 ὅτι
375 768 430 836 καὶ
444 765 544 854 ἐσμὲν
558 768 654 835 ἕνεκα
672 777 733 833 τοῦ
752 771 924 854 φρονῆσαί
938 791 970 835 τι
987 765 1042 833 καὶ
1061 774 1192 852 μαθεῖν.

181 882 289 953 καλῶς
319 877 384 961 ἀρα
419 876 502 940 κατά
532 898 570 958 γε
606 882 726 939 τοῦτον
757 875 817 939 τὸν
852 877 955 958 λόγον
986 877 1193 960 Πυθαγόρας

182 988 313 1067 εἴρηκεν
342 980 386 1057 ὡς
412 979 466 1045 ἐπὶ
492 981 530 1045 τὸ
558 982 689 1064 γνῶναί
712 1002 747 1044 τε
775 976 832 1044 καὶ
858 984 1028 1065 θεωρῆσαι
1049 988 1113 1056 πᾶς
1135 981 1193 1044 ἀυ-

181 1093 320 1171 θρωπος
352 1085 416 1151 ὑπὸ
448 1095 509 1152 τοῦ
541 1091 626 1152 θεοῦ
659 1082 867 1168 συνέστηκεν.
914 1085 996 1150 ἀλλά
1026 1093 1124 1151 τοῦτο
1154 1089 1192 1152 τὸ

182 1194 335 1275 γνωστὸν
362 1194 504 1275 πότερον
532 1191 550 1256 ὁ
578 1193 701 1274 κόσμος
728 1188 818 1256 ἐστὶν
841 1192 862 1274 ἥ
884 1214 934 1268 τις
961 1190 1054 1277 ἑτέρα
1080 1193 1192 1275 φύσις,

143 1316 169 1357 ιο
184 1295 341 1363 σκεπτέον
365 1303 445 1374 ἴσως
467 1297 623 1382 ὕστερον,
654 1304 719 1362 νῦν
743 1293 780 1361 ἀὲ
806 1305 969 1363 τοσοῦτον
993 1297 1110 1362 ἰκανὸν
1131 1297 1193 1381 την

182 1403 318 1488 πρώτην
340 1402 429 1486 ημῖν.
476 1404 507 1467 ελ
531 1403 595 1487 γάρ
623 1401 691 1467 ἐστι
717 1403 800 1467 κατά
823 1402 928 1486 φύσιν
950 1401 1044 1480 τέλος
1065 1402 1085 1486 η
1109 1405 1193 1489 φρό-

183 1524 295 1592 νησις,
325 1509 462 1593 ἀριστον
485 1506 527 1572 ἀν
551 1513 601 1592 εῖη
629 1508 764 1573 πάντων
786 1509 823 1573 τὸ
847 1518 998 1596 φρονεῖν.
1044 1509 1127 1574 ὥστε
1154 1511 1195 1574 τά

184 1612 245 1699 μὲν
269 1615 352 1679 ἀλλα
375 1615 428 1679 ἀεῖ
448 1613 604 1699 πράττειν
622 1611 719 1679 ἕνεκα
736 1622 804 1680 τῶν
823 1613 860 1679 ἐν
878 1613 966 1702 αὐτῷ
985 1614 1194 1700 γιγνομένων

185 1721 335 1804 ἀγαθῶν,
359 1721 487 1785 τούτων
511 1716 548 1784 ἀὲ
571 1719 681 1785 αὐτῶν
703 1721 744 1784 τά
767 1716 828 1804 μὲν
851 1719 889 1785 ἐν
910 1728 956 1807 τῷ
980 1719 1106 1806 σώματι
1126 1731 1194 1786 τῶν

145 1844 171 1886 τε
186 1826 223 1892 όν
246 1827 327 1912 <τῖη>
349 1834 454 1910 ψυχῇ,
481 1826 543 1909 την
567 1821 604 1890 δὲ
630 1824 751 1911 ἀρετὴν
773 1836 831 1910 τῆς
858 1828 1064 1911 φρονήσεως·
1095 1835 1202 1893 τοῦτο

185 1932 250 2015 γάρ
277 1931 367 1996 ἐστιν
395 1929 588 2014 ἀκρότατον.
633 1932 671 1995 τὸ
700 1927 736 1996 ἀὲ
770 1935 876 2016 ζητεῖν
904 1931 968 1997 ἀπὸ
994 1933 1100 2017 πόσης
1127 1931 1195 1998 ἐπι·

185 2039 310 2120 στημης
336 2035 451 2120 ἕτερόν
473 2058 505 2102 τι
533 2033 774 2118 γενέσθαικαὶ
804 2039 876 2102 δεῖν
899 2041 1063 2124 χρησίμην
1091 2039 1196 2122 αὐτην

186 2135 283 2223 εἶναι,
297 2141 507 2206 παντάπασιν
519 2141 718 2226 ἀγνοοῦντός
727 2145 818 2219 τινός
827 2140 917 2209 ἐστιν
931 2144 1013 2209 ὅσον
1025 2142 1196 2228 διέστηκεν

187 2246 220 2325 ἐξ
248 2246 349 2332 ἀρχῆς
380 2248 420 2312 τά
447 2246 561 2329 ἀγαθά
588 2245 643 2312 καὶ
674 2250 715 2312 τὰ
744 2248 921 2332 ἀναγκαῖα·
953 2249 1105 2336 ἀναφέρει
1131 2252 1195 2336 γάρ

147 2372 173 2414 το
186 2359 351 2419 πλεῖστον.
395 2355 436 2419 τά
471 2351 533 2438 μὲν
563 2355 627 2440 γάρ
666 2352 710 2418 δι’
745 2353 859 2440 ἕτερον
895 2355 1094 2441 ἀγαπώμενα
1128 2366 1196 2421 τῶν
1209 2371 1272 2415 ⁶91³a

186 2459 401 2544 πραγμάτων,
439 2453 487 2526 ὧν
523 2462 606 2525 ἀνευ
637 2464 696 2542 ζῆν
728 2459 910 2543 ἀδύνατον,
947 2461 1109 2546 ἀναγκαῖα
1140 2460 1196 2527 καὶ
1211 2480 1283 2521 1⁵01(-

188 2568 340 2631 συναίτια
372 2564 519 2648 λεκτέον,
558 2566 619 2630 ὅσα
652 2561 689 2630 δὲ
721 2560 768 2630 δι’
802 2566 899 2649 αὑτό,
936 2566 1000 2632 κάν
1031 2567 1195 2654 ἀποβαίνῃ

188 2668 293 2755 μηδὲν
322 2671 451 2754 ἕτερον,
484 2670 596 2754 ἀγαθά
627 2673 761 2756 κυρίως·
795 2672 836 2737 οὐ
868 2672 931 2758 γάρ
962 2675 1003 2757 δὴ
1030 2677 1107 2739 τόδε
1135 2670 1197 2758 μὲν

188 2776 320 2859 αἱρετὸν
353 2777 409 2841 ἀιά
439 2777 531 2860 τόάε,
563 2777 640 2841 τόάε
673 2772 710 2840 ἀὲ
742 2772 786 2840 δι’
820 2778 916 2862 ἀλλο,
949 2788 1047 2844 τοῦτο
1080 2776 1117 2844 ἀὲ
1150 2781 1197 2857 εἰς

147 2898 173 2938 2⁵
188 2882 326 2966 ἀπειρον
346 2887 469 2966 οῖχεται
486 2884 616 2967 προῖόν,
635 2879 706 2947 ἀλλ’
729 2883 861 2949 ἵσταταί
874 2905 949 2952 που.
982 2891 1115 2969 γελοῖον
1133 2881 1197 2951 οὖν

187 2987 251 3070 ἤδη
275 2992 444 3064 παντελῶς
469 2990 506 3052 τὸ
532 2991 638 3070 ζητεῖν
662 2987 725 3053 ἀπὸ
748 2991 871 3069 παντὸς
894 2989 1058 3077 ὠφέλειαν
1082 2990 1196 3075 ἑτέραν

188 3088 264 3179 παρ’
292 3093 433 3158 αὐτότὸ
457 3101 606 3178 πρᾶγμα,
634 3091 689 3158 καὶ
713 3094 759 3159 ετί
779 3089 842 3160 οὖν
864 3096 944 3179 ἡμῖν
967 3097 1114 3179 όφελος;’
1141 3095 1197 3162 καὶ

189 3197 235 3262 ‘vl
250 3198 436 3284 χρησιμον;’
461 3198 595 3280 ἐρωτᾶν.
635 3199 680 3275 ὡς
697 3201 831 3283 ἀληθῶς
848 3200 923 3282 γάρ,
946 3199 1026 3285 ὅπερ
1045 3201 1195 3287 λέγομεν,

278 3377 320 3424 16.
340 3388 366 3439 p.
382 3377 425 3440 τι,
440 3376 455 3424 5
475 3372 559 3426 κιαι.
574 3372 606 3424 fr.
621 3375 655 3425 58
666 3372 697 3423 R.
717 3373 754 3438 (p.
770 3374 810 3438 68,
824 3375 864 3424 το.
885 3375 928 3439 οο,
943 3373 996 3440 τε).

189 3479 402 3490 ———..—.

279 3533 294 3580 7
313 3523 359 3599 τό]
377 3529 441 3582 όοτλ.
460 3529 498 3600 τῷ
512 3530 520 3597 ΙΙ
537 3532 568 3580 15
587 3527 619 3595 τῇ
640 3523 748 3578 addidit
765 3523 790 3575 Κ
804 3525 813 3589 ΙΙ
827 3528 860 3576 21
880 3520 1030 3596 ἀναγκαία.
