2674 3932
181 209 224 272 14
590 207 781 262 IAMBLICHI

180 372 356 457 άλλότριον
390 375 489 459 ζῷον,
523 370 603 451 ὅπερ
637 370 672 433 οί
701 366 763 454 μέν
795 366 1030 453 πολυκέφαλον
1059 371 1195 453 θηρίον,

181 479 216 544 οί
232 474 269 542 δὲ
287 481 417 560 θνητόν
436 502 466 541 τι
488 481 570 560 ζωῆς
588 470 687 558 εἶδος,
711 477 806 541 ἄλλοι
826 471 863 541 δέ
882 477 987 560 φύσιν
1005 491 1197 558 γενεσιουρ-

180 585 242 668 γὸν
274 590 450 650 καλοῦσιν·
487 583 636 648 ἐνταῦθα
675 579 711 646 δὲ
749 585 833 668 ἔριν
871 583 1080 666 σύμφυτον
1113 581 1197 647 έπω·

180 694 342 775 νόμασεν,
372 691 433 776 οὐχ
457 692 503 767 ὡς
526 695 603 772 ίσην
625 688 719 766 τάξιν
743 691 886 772 έχουσαν
909 688 1004 776 ἡμῶν
1027 689 1110 773 πρὸς
1132 689 1194 771 την

154 797 389 884 ικυριωτάτην
413 798 509 879 ζωήν,
538 793 609 860 ἀλλ’
636 795 681 872 ῶς
704 795 898 860 συνοπαδὸν
921 799 1195 860 συνακολουθοῦ-
1209 813 1238 852 ³2
1252 813 1284 852 K
1311 783 1312 802 ἱ

182 920 245 969 σαν
267 912 307 988 τῇ
330 901 537 990 πρεσβυτέρᾳ
562 904 634 986 ζωῇ.
675 902 800 984 ταύτην
824 901 864 985 δη
890 895 952 966 οὖν
975 897 1196 987 παραγγέλλει

181 1011 335 1093 φεύγειν,
373 1006 447 1074 ἀντὶ
480 1004 516 1072 δὲ
548 1008 669 1090 ταύτης
701 1006 983 1072 άνταλλάττεσθαι
1019 1008 1081 1090 τὴν
1115 1009 1196 1073 άνεν

181 1111 560 1196 ἐναντιῶσεως-ἕνοειδῆ
583 1114 706 1199 νοεράν
729 1111 915 1198 ἐνέργειαν,
942 1114 1014 1196 ἥτις
1036 1110 1110 1178 άντὶ
1133 1110 1195 1197 μέν
1210 1134 1237 1171 10
1252 1131 1280 1173 A.

181 1229 242 1284 τοῦ
268 1221 427 1303 βλάπτειν
456 1219 660 1304 άγαθοειδής
687 1219 792 1302 έστιν,
826 1217 900 1285 ἀντὶ
928 1216 964 1284 δέ
993 1229 1054 1285 τοῦ
1083 1217 1196 1306 ῥέπειν

143 1352 169 1391 ιο
183 1327 230 1401 είς
261 1327 406 1412 ὄλεθρον
439 1329 603 1412 σωτηρίας
634 1325 739 1410 ἀρχὴν
771 1324 921 1412 παρέχει,
954 1323 1009 1391 καὶ
1040 1327 1102 1409 τὴν
1136 1323 1197 1410 μέν
1311 1405 1312 1412 χ

182 1431 401 1524 ἐπεισοδιώδη
441 1429 497 1497 καὶ
538 1429 698 1518 δευτέραν
741 1431 972 1516 συνεπομένην
1012 1433 1197 1498 ὑπόστασιν

182 1538 227 1615 ὡς
250 1538 429 1625 ἀλλοτρίαν
453 1538 545 1616 ἐκτὸς
567 1542 722 1624 μεθίησι,
751 1539 812 1621 τὴν
836 1535 873 1603 δὲ
895 1540 1114 1624 πρωτουργὸν
1141 1536 1197 1604 καὶ

182 1639 240 1729 ἀφ’
266 1643 384 1728 ἑαυτῆς
410 1642 465 1709 καί
494 1644 530 1709 ἐν
560 1642 659 1730 ἑαυτῇ
687 1645 795 1710 πάντα
823 1647 967 1729 ἔχουσαν
993 1646 1196 1729 τελεωτάτην

183 1751 269 1833 ζωὴν
305 1755 517 1838 προσείληφε.
574 1751 630 1816 διά
671 1751 778 1816 πάντα
820 1746 881 1816 οὖν
922 1759 1024 1815 ταῦτα
1066 1749 1197 1833 έκείνην
1309 1763 1312 1782 ⁴

142 1881 167 1922 15
182 1854 243 1941 μὲν
280 1859 325 1934 ὡς
361 1855 414 1924 ἐπὶ
450 1858 658 1943 βραχύτατον
695 1856 885 1922 συστέλλειν
922 1856 1034 1940 άξιον,
1071 1858 1196 1939 ταύτην
1210 1877 1237 1916 ει
1252 1877 1278 1916 Κ.

183 1960 220 2026 δε
242 1963 402 2045 προάγειν
421 1962 466 2038 ῶς
489 1960 542 2026 έπὶ
564 1967 734 2027 πλεῖστον·
756 1959 811 2027 καὶ
835 1962 941 2038 οὕτως
964 1964 1010 2039 είς
1032 1963 1093 2045 τὴν
1115 1963 1197 2026 κατά

181 2075 266 2132 νοῦν
285 2068 376 2150 ’ζωὴν
398 2067 419 2151 ἡ
442 2069 579 2152 τοιαύτη
599 2069 770 2154 προτροπὴ
791 2068 931 2153 γέγονεν
954 2067 1197 2153 άνυσιμωτάτη.

275 2176 365 2260 Πρός
386 2197 424 2258 γε
447 2175 513 2257 μὴν
535 2175 597 2257 τὴν
620 2178 720 2240 θείαν
743 2178 930 2257 τελειότητα
955 2173 1009 2239 καὶ
1032 2176 1094 2258 τὴν
1117 2177 1197 2258 μετά

182 2288 273 2346 θεῶν
307 2279 538 2365 συνεπομένην
573 2281 712 2368 άρίστην
743 2281 944 2347 κατάστασιν
977 2282 1014 2345 αί
1046 2289 1197 2346 τοιαῦται

143 2411 169 2451 ω
183 2399 311 2474 γνῶμαι
334 2394 577 2473 παρακαλοῦσι·

205 2519 271 2579 Ζεῦ
294 2514 411 2598 πάτερ,
435 2509 456 2596 η
479 2518 613 2578 πολλῶν
636 2536 673 2595 γε
696 2521 807 2577 κακῶν
830 2512 990 2587 παύσειας
1013 2512 1172 2594 ἅπαντας,

205 2623 236 2686 εί
256 2629 357 2685 πᾶσιν
382 2619 498 2697 δείξεις
522 2619 582 2705 οίῳ
606 2626 651 2706 τῶ
676 2618 811 2701 δαίμονι
833 2627 987 2702 χρῶνται.

170 2749 171 2752 ’
205 2726 288 2792 άλλά
311 2729 355 2790 σὺ
376 2726 512 2810 θάρσει,
538 2721 607 2789 ἐπεὶ
629 2730 727 2789 θείου
750 2721 850 2807 γένοςΙ
870 2721 939 2788 έστὶ
962 2727 1142 2810 βροτοῖσιν.

183 2850 220 2914 έν
253 2850 294 2932 δὴ
324 2849 455 2938 τούτοις
487 2850 546 2933 μία
578 2844 638 2932 μέν
671 2847 787 2933 άρίστη
819 2849 1024 2934 παράκλησις
1056 2851 1105 2927 είς
1135 2850 1197 2932 την

142 2975 168 3016 ιε
182 2958 282 3021 θείαν
305 2955 524 3040 εὐδαιμονίαν
546 2955 566 3038 ἡ
591 2953 773 3040 μεμιγμένη
801 2966 873 3032 ταῖς
901 2956 1012 3040 εὐχαῖς
1039 2954 1094 3021 καὶ
1117 2956 1197 3022 άνα-

182 3066 317 3146 κλήσεσι
344 3073 411 3128 τῶν
436 3060 538 3127 θεῶν’
559 3060 615 3126 καὶ
644 3062 784 3146 μάλιστα
811 3071 871 3126 τοῦ
900 3061 1062 3146 βασιλέως
1085 3063 1197 3128 αὐτῶν

183 3189 397 3198 ----..---

243 3261 287 3380 611
307 3258 406 3380 ιὲἒλυκ.
419 3254 498 3326 θηρ]
514 3253 586 3309 Plan
600 3252 683 3310 civit.
694 3254 731 3308 IX
746 3273 773 3323 p.
784 3254 866 3309 5880
880 3256 889 3324 ΙΙ
904 3261 935 3308 21
948 3272 1008 3323 sqq.
1024 3255 1114 3311 Carm.
1129 3255 1196 3312 Aur.
1311 3223 1312 3266 y

184 3343 228 3380 vv.
281 3357 311 3365 —
352 3365 357 3379 .
838 3353 843 3359 ·

273 3509 289 3556 3
305 3497 488 3570 ἐπωνόμασεν
499 3500 655 3570 scripsitK:
669 3497 855 3571 ἐπωνόμασαν
869 3503 878 3572 ΙΙ
892 3510 925 3559 21
937 3505 981 3575 γε]
992 3523 1031 3560 τε.
1051 3504 1086 3561 ef.
1096 3505 1198 3560 Nauck

184 3573 220 3626 ad
237 3573 265 3627 h.
285 3590 355 3628 vere.
370 3575 427 3643 {122
446 3573 514 3626 πᾶσι
529 3572 539 3642 ΙΙ
553 3574 659 3640 δείξαις
679 3572 768 3628 Oarm.
788 3575 855 3628 Aur.
