2674 3932
177 208 200 269 4
400 204 524 259 IAMBL.
544 203 745 260 PROTREPT.
766 203 968 261 SUMMARIA.

263 365 461 446 Ἰδιολζουσοιι
475 368 697 452 παρακλήσεις
710 368 793 451 πρὸς
802 367 864 449 τήν
873 349 1083 452 θεωρητικήν
1094 373 1192 451 φιλο-
1209 379 1232 428 Ζ

177 476 302 558 σοφίαν
325 471 381 538 καὶ
405 474 632 558 διαφερόντως
654 472 715 555 τήν
738 473 820 536 κατὰ
842 480 927 537 νοῦν
951 475 1047 555 ζωήν,
1073 473 1110 536 αί
1130 471 1192 557 μὸν

177 579 241 645 ἀπὸ
264 589 322 665 τῆς
342 588 404 645 τοὺ
421 581 526 655 όντως
545 578 731 664 ἀνθρώπου
753 579 896 662 φύσεως,
922 579 958 643 αί
979 575 1015 643 δὲ
1038 579 1102 644 ἀπὸ
1125 591 1193 644 τῶν

176 687 327 772 ἐναργῶν
349 681 663 770 ὑπομιμνήσκουσαι
690 681 782 750 τουτὶ
809 685 847 748 τὸ
870 687 1098 771 προκείμενον.

148 812 161 852 5
260 787 474 876 Ῥπομνήσεις
497 790 560 855 ἀπὸ
583 799 651 854 τῶν
670 800 793 855 κοινῶν
817 790 958 856 ἐννοιῶν
976 793 1192 876 παραμυθού-
1210 803 1244 852 H

175 922 273 982 μεναι
295 899 333 962 τὸ
356 899 494 982 πρώτως
517 896 653 982 ὀρεκτὸν
677 893 731 960 καί
755 893 800 960 δι’
823 895 920 962 ἑαυτὸ
944 897 1077 982 αίρετὸυ
1098 903 1194 981 φιλο-

175 1007 307 1088 σοφίας,
327 1003 475 1089 ἐναργῶς
488 1025 523 1067 τε
541 1003 749 1088 προάγουσαι
769 1003 816 1079 είς
835 1003 897 1086 τήν
915 1003 1108 1088 προτροπὴν
1130 1003 1193 1068 ἀπὸ

175 1120 243 1175 τῶν
267 1111 447 1196 γνωρίμων
469 1120 540 1186 τοίς
562 1118 672 1174 πᾶσιν.

261 1212 339 1281 Ἀπὸ
362 1224 423 1280 τοῦ
447 1217 655 1299 βουλήματος
672 1222 730 1298 τής
749 1214 882 1299 φύσεως
905 1216 1029 1299 ἔφοδος
1049 1217 1096 1292 είς
1114 1236 1194 1302 προ·
1209 1224 1235 1276 Θ
1324 1205 1325 1264 ἶ

137 1343 162 1382 10
175 1323 303 1405 τροπήν
325 1323 408 1386 κατὰ
430 1324 491 1406 τήν
518 1323 725 1407 Πυθαγόρου
749 1320 941 1406 ἀπόκρισιν,
965 1320 1008 1404 ἣν
1032 1316 1102 1386 εἷπε
1124 1333 1194 1398 τοῖς

175 1427 212 1492 ἐν
238 1433 398 1493 Φλιοῦντι
426 1427 698 1512 πυνθανομένοις
725 1429 775 1504 τίς
803 1426 873 1491 ἐστι
899 1423 954 1492 καὶ
982 1431 1074 1503 τίνος
1099 1425 1194 1492 ἕνεκα

173 1533 305 1616 γέγονε·
334 1535 437 1620 ταύτῃ
461 1535 524 1619 γὰρ
549 1531 716 1617 ἑπομένως
739 1535 1002 1618 συλλογιζόμεθα
1027 1534 1088 1616 τήν
1109 1555 1189 1619 προ·
1203 1567 1224 1602 12.
1242 1555 1293 1596 εκ.

177 1641 305 1726 τροπήν
329 1641 420 1724 ὅλην.

142 1820 150 1834 ,
256 1744 327 1811 Ὅτι
345 1745 400 1811 καὶ
415 1747 559 1830 μεγάλας
574 1745 735 1830 ὠφελείας
752 1745 927 1830 παρέχεται
942 1747 1026 1831 πρὸς
1039 1747 1099 1811 τὸν
1117 1749 1194 1829 βίον
1214 1765 1232 1811 Ι

136 1851 195 1934 ιιή
219 1855 407 1938 θεωρητική
431 1855 611 1940 φρόνησις,
638 1852 843 1936 ὑπομνήσεις
870 1857 1021 1928 πλείονες
1047 1850 1102 1919 καὶ
1131 1852 1195 1918 ἀπὸ

175 1959 341 2023 πλειόνων
360 1958 524 2044 ἀφορμῶν
542 1961 660 2043 τρόποι
678 1982 712 2023 τε
731 1967 789 2042 τής
807 1961 918 2045 χρείας
936 1959 1195 2025 ὑποδείκυυνται

176 2063 336 2149 διόφοροι
358 2063 414 2129 καλ
432 2066 516 2149 πρὸς
534 2067 640 2130 πολλὰ
658 2064 735 2149 τέλή
759 2076 827 2130 τῶν
850 2068 1093 2150 συμφερόντων
1115 2065 1195 2150 ήμϊν

179 2173 455 2255 συμβαλλόμενοι.

260 2274 329 2342 Ὅτι
348 2285 394 2365 τῷ
408 2278 469 2343 τὸν
482 2278 565 2342 κατὰ
583 2285 668 2341 νοῦν
688 2274 833 2364 ἑλομένφ
852 2280 929 2360 βίον
947 2275 1003 2343 καλ
1021 2279 1058 2342 τὸ
1076 2289 1195 2362 χαῖρον
1211 2295 1249 2342 [Α

141 2403 167 2442 20
182 2383 410 2468 διαφερόντως
433 2383 580 2469 ὑπάρχει.

240 2565 245 2584 y
262 2487 341 2554 Ἀπὸ
361 2499 421 2555 τοῦ
440 2492 522 2572 πρὸς
541 2490 759 2572 εὐδαιμονίαν
778 2487 895 2574 φέρειν
917 2487 1123 2574 φιλοσοφίαν
1145 2513 1195 2555 τε·
1212 2507 1251 2554 [Β

177 2593 260 2672 λέως
282 2594 337 2660 καὶ
356 2597 491 2680 ἀληθῶς
509 2596 633 2680 ἐφοδος
652 2597 699 2670 είς
712 2597 905 2682 προτροπήν
919 2605 980 2661 τοῦ
995 2603 1196 2681 φιλοσοφεῖν

176 2700 292 2767 τελέαν
315 2699 370 2766 καί
394 2701 657 2786 όνυσιμωτότήν.

263 2801 340 2872 Ἀπὸ
359 2818 426 2871 τῶν
440 2805 516 2891 περὶ
535 2811 738 2892 φιλοσοφίας
756 2807 897 2873 ἐννοιῶν
917 2809 1036 2893 ἔφοδοι
1054 2811 1101 2885 είς
1114 2831 1194 2894 προ·
1210 2825 1254 2873 [Γ

138 2933 164 2973 ει
177 2914 304 2998 τροπήν
326 2915 407 2978 κατὰ
425 2915 482 2989 τὰς
501 2916 742 2999 Πυθαγορικὰς
758 2915 938 2992 ὑποθέσεις
960 2913 1015 2980 καὶ
1033 2917 1115 2980 κατὰ
1137 2917 1195 2992 τὰς

178 3018 316 3104 ἀληθείς
339 3017 414 3104 περὶ
437 3027 544 3104 ψυχῆς
568 3019 674 3098 δόξας.

263 3122 342 3190 Ἀπὸ
370 3134 431 3190 τοῦ
458 3129 536 3209 βίου
563 3136 624 3192 τοῦ
656 3127 693 3192 ἐν
723 3131 908 3216 φιλοσοφία
940 3127 994 3193 καλ
1026 3137 1084 3212 τής
1117 3129 1250 3211 όλήςιΔ

179 3233 261 3314 ζωῆς
283 3240 344 3297 τοῦ
368 3235 559 3318 φιλοσόφου
583 3232 731 3320 ἀφορμαί
755 3237 802 3312 είς
826 3238 1028 3322 προτροπήν,
1054 3235 1138 3318 ὁμοῦ
1161 3233 1194 3312 ἐξ

182 3367 396 3374 ὴ...

270 3432 283 3479 1
306 3426 463 3480 summaria
478 3423 501 3485 ς’
518 3430 547 3482 et
555 3424 577 3494 ζ’
591 3429 619 3482 h.
629 3427 647 3482 l.
664 3427 813 3483 coniuncta
827 3430 891 3482 sunt
904 3429 943 3497 113
963 3423 1051 3491 ὄντος
1065 3428 1113 3483 fol.
1124 3432 1158 3483 57
1165 3443 1194 3482 a:

179 3491 260 3557 ὄντος
269 3496 320 3552 h.l.
336 3496 345 3569 ή
359 3498 496 3565 δπρῶτον
506 3497 554 3552 fol.
565 3500 623 3553 68b
637 3499 645 3569 ή
659 3493 729 3552 αὑτὸ
740 3497 767 3552 h.
778 3499 797 3553 l.
811 3497 821 3570 ΙΙ
833 3499 929 3553 8πᾶσι
937 3500 986 3553 fol.
998 3500 1055 3554 68b
1065 3499 1075 3572 ή
1086 3505 1117 3553 19
1129 3499 1195 3555 fort.

179 3569 288 3634 χαίρειν
299 3568 332 3622 ολ.
344 3587 370 3638 p.
383 3574 442 3636 160,
454 3575 469 3623 6
480 3571 509 3622 ελ
520 3568 706 3641 170,3Κὶεεε1.
717 3568 726 3641 ή
735 3573 770 3622 23
780 3567 879 3624 τελέαν
889 3570 936 3626 fol.
949 3571 1019 3625 62b:
1029 3567 1130 3633 τελέως
1140 3569 1193 3626 h.l.
