2670 3932
186 185 249 248 122
593 183 784 240 ΙΑΜΒΙιΙΟΗῙ

181 347 262 432 ἡμῖν
285 345 319 425 ἐξ
343 347 479 431 αἵματος
502 348 538 412 οί
557 343 618 431 μὲν
642 349 776 431 ἔγγιστα
802 345 923 431 γένους
948 344 1034 412 είσίν
1057 345 1198 431 ἀδελφοὶ
1328 329 1329 352 δ

181 450 236 518 καὶ
259 451 358 518 τέκνα
380 449 435 517 καί
454 461 575 536 γονεῖς,
595 451 737 530 ἐοικότες
754 463 823 540 τοῖς
844 451 978 538 μέρεσιν
996 453 1091 538 ἡμῶν
1114 453 1197 538 άπερ
1317 499 1329 528 .

182 557 408 643 ἀφαιρεθέντα
432 559 562 644 ἄλγημα
590 559 631 624 οὐ
654 559 691 625 τὸ
713 561 816 645 τυχὸν
841 559 975 645 παρέχει
1002 557 1057 625 καὶ
1079 559 1197 625 κολού-

182 681 298 748 ρωσιν,
322 657 396 730 οἷον
420 665 577 731 δάκτυλοι
594 675 700 751 χεῖρες
720 661 786 732 ὦτα
805 663 861 751 ῥλν
883 664 940 731 καί
965 667 1006 731 τδ
1029 666 1141 751 ὅμοια·
1165 665 1201 731 οί

154 789 173 836 ε·
183 767 213 837 δ’
240 771 273 850 ἐξ
296 771 525 855 ἀποστήματος
547 777 675 838 πολλοῦ
698 770 1001 859 προσῳκειωμένοι,
1027 763 1101 838 οἷον
1125 771 1198 837 ἀνε-

180 879 300 957 φιάδαι
318 877 339 962 ἢ
357 876 600 962 πατραδέλφων
618 878 873 962 γαμβροντιδεῖς
890 876 911 961 ἢ
931 879 1083 944 τοιοῦτοί
1099 900 1198 961 τινες,

139 974 144 990 ’
182 985 330 1051 ἐοίκασιν
359 982 499 1050 ἑκάστου
526 983 620 1068 ἡμῶν
647 994 717 1060 τοῖς
743 982 878 1068 μέρεσιν
907 975 956 1050 ὧν
986 983 1198 1069 τεμνομένων

182 1092 319 1174 ἀλγησις
351 1090 491 1175 οὐδεμία
522 1092 753 1175 παραγίνεται,
786 1081 860 1156 οἷον
892 1089 985 1176 θριξὶ
1016 1088 1072 1155 καὶ
1104 1089 1199 1169 όνυξι

181 1194 237 1262 καὶ
259 1207 329 1273 τοῖς
351 1196 487 1281 ὁμοίοις.
534 1199 739 1281 βουλόμενος
762 1190 824 1262 οὖν
848 1196 996 1274 ἐκείνους
1018 1199 1098 1274 τοὺς
1120 1214 1198 1280 συγ·

143 1325 169 1364 ιο
182 1313 289 1386 γενεῖς
317 1303 465 1386 δηλῶσαι
492 1303 570 1379 τοὺς
597 1303 687 1387 παρδι
713 1304 772 1368 τὸν
801 1304 904 1368 ἀλλον
931 1306 1055 1390 χρόνον
1079 1303 1199 1387 ἠμελη-

183 1408 305 1494 μένονς
329 1409 385 1473 διδι
407 1409 469 1492 τὴν
492 1408 692 1492 ἀπόστασιν,
718 1419 789 1486 τοῖς
812 1408 928 1489 όνυξιν
956 1410 1117 1496 ἐχρήσατο
1144 1408 1199 1474 καὶ

183 1511 266 1581 είπε·
290 1516 333 1602 μὴ
353 1515 534 1582 ἀποτίδεσο
553 1516 742 1581 παντάπασι
760 1517 911 1600 τούτους,
930 1511 1002 1582 ἀλλ’
1024 1519 1061 1582 ἔν
1079 1539 1117 1600 γε
1135 1522 1199 1580 θυ-

182 1624 280 1705 σίαις,
304 1623 336 1688 εί
356 1619 475 1709 καὶτῷ
497 1623 586 1710 άλλφ
605 1624 715 1710 χρόνῳ
734 1624 1029 1707 παρημελήθησαν,
1052 1623 1199 1707 πρόσαγε
1213 1641 1291 1681 ειεΚ.

183 1729 306 1806 αὐτοὺς
328 1735 439 1816 σαυτῷ
464 1726 520 1793 καὶ
543 1727 688 1794 ἀνανέου
710 1729 771 1811 τὴν
796 1730 989 1812 οίκειότητα.
1328 1729 1329 1734 ’

129 1840 172 1912 κη’
275 1835 320 1900 Τδ
345 1831 383 1900 δὲ
411 1833 546 1912 δεξιάν
574 1835 622 1918 μὴ
649 1833 767 1899 παντὶ
795 1834 940 1922 ῥᾳδίως
964 1837 1131 1918 ἔμβαλλε
1153 1834 1292 1917 μὴισεκ

143 1961 168 2001 ιε
183 1941 280 2025 όρεγε
307 1938 431 2026 ῥᾳδίως
454 1937 537 2024 φησί
561 1938 689 2024 δεξιάν,
716 1938 867 2006 τουτέστι
894 1941 938 2025 μὴ
963 1940 1093 2006 ἀνάσπα
1116 1935 1200 2024 μηδὲ

184 2045 306 2130 ἀνιμᾶν
330 2045 486 2131 ἐπιχείρει
509 2046 621 2127 δεξιὰν
645 2043 772 2130 ὀρέγων
793 2057 862 2125 τοῖς
881 2047 1122 2130 ἀνεπιτηδείοις
1143 2045 1200 2111 καὶ
1324 1999 1329 2096 i

184 2151 431 2236 ἀνοργιάστοις,
463 2155 511 2218 ἐτι
536 2149 573 2218 δὲ
602 2153 658 2218 διά
680 2152 913 2238 παιδευμάτων
940 2175 975 2218 τε
1003 2151 1057 2218 καὶ
1086 2154 1200 2236 διδαγ-

184 2260 307 2345 μάτων,
332 2257 352 2324 δ
370 2265 482 2348 πολλῷ
501 2262 611 2349 χρόνω
632 2245 891 2345 δοκιμασθείσινΙ
906 2259 1008 2340 ἀξίοις
1032 2253 1117 2325 εἶναι
1139 2268 1201 2325 τοῦ

144 2386 170 2425 εο
183 2369 380 2450 μεταλαβεῖν
408 2366 598 2451 ἐγκρατείας
624 2390 659 2432 τε
685 2364 742 2432 καί
770 2375 968 2444 πενταετοῦς
994 2374 1119 2450 σιωπῆς
1145 2362 1201 2430 καὶ

183 2480 242 2556 τῆς
265 2474 366 2556 άλλης
389 2473 540 2556 βασάνου
563 2475 659 2557 μόγις
683 2473 821 2538 δίδοται.

130 2583 179 2642 κδ’
277 2579 323 2645 Τὸ
357 2575 395 2644 δὲ
431 2579 668 2663 στρωμάτων
705 2577 937 2657 ἐξαναστὰς
973 2578 1201 2645 συνέλισσε
1328 2667 1329 2674 ¹

185 2686 282 2751 αὐτὰ
304 2682 460 2750 καὶτὸν
483 2685 607 2750 τύπον
631 2687 878 2771 σννστόρνυε
898 2695 998 2751 τοῦτο
1017 2682 1202 2769 παραγγέλ-

185 2797 245 2874 λει,
270 2791 320 2856 ὅτι
343 2795 545 2875 φιλοσοφεῖν
568 2790 827 2876 ἐπιβαλλόμενος
849 2804 983 2876 νοητοῖς
1005 2793 1124 2858 λοιπὸν
1146 2788 1202 2856 καὶ

144 2916 170 2957 εε
185 2896 371 2980 ἀσωμάτοις
389 2897 604 2980 προσοικείον
623 2900 773 2962 σεαυτόν.
820 2897 856 2963 ἐκ
878 2906 939 2963 τοῦ
958 2892 1021 2964 οὖν
1044 2907 1103 2982 τῆς
1121 2895 1203 2980 ἀμα-
1315 2913 1329 2988 ί

184 3007 263 3079 δίας
293 3001 403 3068 ὕπνου
439 3000 496 3067 καὶ
531 3005 747 3080 νυκτοειδοῦς
779 3005 919 3081 σκότους
950 3003 1204 3088 ἐξανιστάμενος

185 3105 290 3194 μηδὲν
314 3117 505 3173 συνεπισπῶ
528 3116 656 3198 σεαυτῷ
684 3109 872 3193 σωματικὸν
896 3109 943 3186 είς
965 3109 1003 3174 τὸ
1025 3119 1083 3194 τῆς
1107 3115 1203 3193 φιλο-

275 3272 291 3319 5
310 3262 560 3333 προσοικειωμένοι
579 3266 650 3336 (sic),
670 3266 705 3320 cf.
724 3265 839 3320 Kfihner
857 3265 884 3321 1⁹
898 3271 1002 3336 49'lsq.
1018 3268 1027 3336 Ιλ
1046 3273 1061 3320 6
1082 3286 1138 3336 γαμ
1158 3285 1203 3333 ρο-

185 3338 273 3398 τιδεῖς
292 3352 326 3390 ex
345 3351 442 3405 apogr.
462 3335 517 3391 Ciz.
532 3336 557 3389 Κ
571 3339 580 3426 [l
596 3343 679 3405 12sq.
701 3334 731 3391 ἐν
750 3355 782 3406 γε
801 3339 926 3406 θυσίαις,
946 3336 974 3392 τί
991 3338 1105 3406 scripsit
1149 3360 1155 3391 ι
1178 3339 1210 3392 εί

185 3425 214 3459 τε
234 3409 351 3467 θυσίαις
369 3401 386 3473 ἢ
402 3407 411 3476 ΙΙ
426 3413 459 3460 14
478 3407 542 3461 fori.
562 3409 687 3462 ανανεοῦ
701 3409 711 3477 [Ι
726 3413 759 3461 15
778 3407 863 3462 παντί
880 3426 908 3477 p.
926 3413 986 3476 108,
1001 3415 1030 3462 2:
1052 3404 1130 3478 πάρῦ
1151 3427 1177 3462 τι
1193 3409 1205 3506 i

185 3475 286 3598 aiffa
309 3475 354 3546 δὲ]
379 3477 454 3545 λέγει
477 3475 528 3531 ai?
553 3477 743 3548 ‘probabilius
769 3477 900 3532 lacunam
924 3482 1032 3534 statuas
1057 3480 1123 3534 ante
1148 3476 1190 3533 ἐτι

210 3563 220 3598 1
236 3563 250 3600 e
273 3563 292 3600 1.
