2674 3932
182 208 246 264 VIII
580 209 795 266 PRAEFATIO.

181 371 360 437 soecXVI.
379 409 415 418 -
432 371 489 438 IV.
503 371 607 438 Poris.
624 393 670 458 gr.
686 373 784 458 2093,
802 394 884 438 saec.
899 370 970 437 XV.
987 409 1024 418 -
1044 369 1082 438 V.
1095 370 1194 436 More.

181 476 261 542 Ven.
275 478 352 563 243,
370 499 451 543 saec.
470 478 542 544 XV.
563 513 601 526 -·
624 477 680 543 VI.
700 476 835 564 Oinous,
854 500 935 544 saec.
952 477 1039 543 XVI.
1061 513 1099 526 —
1121 476 1194 543 VII.

181 582 457 670 Fronequeronus,
472 606 552 650 saec.
562 583 642 650 XVI
657 581 699 669 (o.
717 582 828 672 1548).
845 621 881 630 —
899 583 1195 665 VIIIMernmisn,
1320 633 1321 636 η

181 711 220 754 ex
244 711 308 774 quo
330 689 415 756 Sam.
433 689 609 756 Tennulius
633 694 785 774 quartum
804 689 975 754 lamblichi
997 689 1118 754 librum
1143 688 1194 752 de-

181 797 321 882 scripsit.
347 833 384 842 -
412 795 467 860 IX.
490 795 655 880 Neapolit.
672 795 722 860 III
740 799 768 860 Β
783 797 840 880 20,
863 816 946 861 socc.
964 793 1080 882 XVI.¹)

252 920 441 986 Testimonic
469 943 532 1005 quc
559 920 651 1004 potui
675 919 845 1004 diligentie
868 919 995 1004 collegi.
1042 919 1130 996 Quae
1154 921 1195 984 ed

182 1049 251 1111 cap.
276 1026 463 1091 vicesimum
487 1026 635 1091 efferrem
656 1026 750 1090 nulls
772 1026 889 1091 inveni.
926 1025 1138 1091 Aristotelem
1162 1029 1195 1091 et

181 1135 218 1199 in
246 1133 307 1198 hac
330 1132 524 1214 Protreptici
551 1135 644 1216 parto
671 1132 772 1197 latero
800 1132 926 1198 censuit
948 1131 1072 1215 Hirzel,
1100 1152 1194 1216 argu-

185 1242 295 1304 menta
319 1239 431 1304 attulit
455 1238 555 1303 nullo.
592 1238 676 1303 Item
699 1259 739 1302 ex
752 1238 931 1303 Aristotele
950 1237 1082 1303 fluxisse
1100 1241 1196 1321 putet

182 1345 274 1411 Diels
303 1342 348 1432 (p.
370 1345 436 1411 489
465 1345 703 1410 dissertationis
734 1345 767 1408 in
792 1343 938 1408 Addend.
961 1344 1002 1408 ad
1025 1367 1055 1428 p.
1074 1344 1131 1429 24,
1152 1343 1193 1407 14

186 1449 354 1538 laudatae)
379 1473 461 1536 quse
483 1452 635 1535 leguntur
654 1473 685 1535 p.
701 1451 730 1531 I,
746 1451 787 1516 12
802 1472 870 1535 sqq.
890 1450 1042 1515 editionis
1062 1454 1195 1515 nostrae

183 1564 216 1623 et
239 1558 376 1623 alterum
399 1557 590 1622 Iamblichei
609 1557 805 1642 Protreptici
829 1561 927 1642 caput
954 1556 1196 1639 praenunciant.

183 1664 289 1729 Multa
312 1663 441 1748 quidem
465 1664 498 1728 in
517 1663 657 1728 medium
676 1662 821 1747 proferro
840 1666 987 1747 poteram
1006 1662 1195 1728 testimonia

183 1771 239 1836 ubi
272 1767 360 1855 (cap.
385 1767 483 1855 XXI)
519 1769 558 1834 do
591 1767 754 1852 symbolis
787 1768 1017 1855 Pythagoricis
1051 1767 1196 1852 disputat
1312 1737 1324 1766 „

183 1876 397 1961 lamblichus3
435 1875 520 1960 quod
553 1897 619 1940 non
650 1875 713 1939 feci
744 1897 786 1939 ne
817 1875 985 1962 πάρεργον
1018 1877 1118 1962 ἔργον
1151 1874 1196 1952 ὣς

183 1988 357 2048 ποιεῖσθαι
380 1980 514 2046 viderer.

273 2106 401 2172 Indices
428 2105 504 2170 huic
531 2104 667 2170 editioni
691 2105 766 2171 addi
788 2106 877 2171 volui
901 2103 1029 2192 du0s2),
1057 2107 1195 2171 alterum

184 2214 353 2293 nominem,
378 2212 552 2294 scriptores
576 2213 767 2295 praesertim
791 2213 994 2296 complexum
1018 2235 1097 2297 quos
1112 2211 1196 2277 Iem-

184 2319 313 2384 inchus
346 2317 535 2402 compilavit
566 2320 616 2383 vel
648 2318 928 2401 commemorauit,
960 2318 1098 2383 alterum
1130 2340 1195 2384 cer-

184 2425 291 2490 berum
328 2425 362 2488 in
400 2446 495 2508 quem
530 2423 640 2488 omnia
675 2424 791 2508 quibus
824 2424 928 2488 utitur
960 2425 1118 2490 voeabula
1149 2447 1197 2490 re-

186 2532 271 2616 cepi,
294 2535 423 2616 praeter
448 2552 529 2614 quae
552 2529 605 2594 vel
628 2530 802 2595 admodum
825 2528 975 2616 vulgaria
999 2535 1122 2615 essent,
1145 2534 1197 2597 vel

259 2761 285 2824 1)
305 2756 356 2812 His
370 2755 513 2812 codicibus
527 2754 627 2811 oddus:
648 2761 670 2810 1.
687 2755 746 2812 cod.
757 2756 915 2813 Vindobon.
931 2757 1049 2826 (NesseI
1064 2759 1147 2814 catal.
1158 2759 1196 2813 IV

185 2865 212 2916 p.
229 2853 244 2903 8
260 2862 300 2914 sq.
320 2845 381 2902 cod.
400 2843 464 2914 XI);
483 2850 507 2898 2.
537 2844 597 2899 cod.
626 2844 784 2900 Monoecus.
804 2851 856 2900 392
884 2863 968 2916 quem
996 2849 1198 2903 commemoret

184 2936 267 3002 Rose,
286 2934 371 2990 Arist.
389 2934 490 3003 fragm.
509 2932 552 2990 ed.
572 2933 678 2988 Teubn.
698 2952 724 3003 p.
740 2940 788 3002 663
809 2941 832 2989 3.
853 2935 914 2990 cod.
929 2935 1063 2991 Escoriel.
1083 2934 1197 3006 (Graux,

185 3022 271 3078 Esset
289 3039 338 3078 sur
357 3024 380 3078 te
398 3023 467 3089 send
484 3038 546 3091 prce
564 3023 596 3077 de
610 3022 705 3090 I'Esc.,
723 3041 750 3092 p.
766 3028 818 3078 265
837 3022 973 3076 Y—I-
985 3031 1009 3093 1,
1029 3022 1063 3078 cf.
1078 3042 1106 3093 p.
1122 3029 1197 3091 442);

185 3119 211 3166 4.
235 3113 296 3168 cod.
319 3110 431 3166 Teurin.
455 3109 576 3180 (Pasini,
604 3112 687 3167 estol.
707 3113 719 3165 I
742 3129 769 3181 p.
788 3107 840 3166 327
855 3114 917 3183 sq).
957 3112 995 3170 Et
1021 3112 1073 3167 hos
1102 3128 1198 3167 omnes

186 3218 220 3256 cx
244 3218 300 3256 uno
327 3198 422 3256 codice
445 3198 609 3255 Florentino
633 3199 746 3255 fluxisse
771 3199 840 3255 setis
866 3215 1006 3270 superque
1030 3201 1110 3272 ipsse
1133 3201 1198 3256 Pro-

185 3289 300 3357 trepIIci
318 3291 348 3344 et
370 3288 434 3343 libri
457 3286 553 3356 quarti
570 3287 601 3342 in
618 3289 784 3344 Nicomachi
802 3289 1018 3345 Arithmeticam
1038 3289 1197 3360 inscriptio·

185 3392 235 3432 nes
255 3376 415 3433 ostendunt.

259 3467 287 3533 2)
311 3463 344 3517 In
366 3463 461 3518 Indice
483 3464 627 3520 nominum
650 3466 739 3522 latine
762 3464 861 3535 scripsi
884 3482 956 3535 quac
979 3467 1016 3522 ed
1032 3466 1200 3522 ,testimonie

187 3552 370 3621 pertinerent.
399 3552 484 3606 Uncis
504 3552 638 3609 adhibitis
657 3553 782 3610 indicavi
795 3571 867 3622 quse
882 3571 916 3610 ex
930 3554 1051 3611 Scholiis
1066 3555 1199 3625 excerpsi.
