2670 3932
402 191 673 248 PROTREPTICUS
692 195 726 262 (ο.
744 191 803 246 XV.
818 192 902 261 XVI).
1117 193 1160 258 83

144 356 304 421 νεύουσιν
336 355 434 439 ἐγγύς
466 379 497 420 τι
525 349 612 420 είναι
638 364 705 418 τῶν
732 363 794 418 τοῦ
821 355 972 442 σώματος
999 352 1059 442 (τῷ
1088 357 1161 420 όντι

53 479 130 520 ειειτ
145 462 208 546 γὰρ
232 461 294 526 οὐκ
317 460 453 527 ἐνοῦσαι
476 463 640 546 πρότερον
666 460 808 546 ὕστερον
832 459 1043 544 ἐμποιεῖσθαι
1067 464 1161 527 ἔθεσι

143 565 198 632 καί
213 565 417 652 ἀσκησεσιν),
437 565 458 649 ἡ
474 562 510 631 δὲ
524 574 586 630 τοῦ
604 572 773 651 φρονῆσαι
791 566 915 643 παντὸς
928 571 1055 651 μᾶλλον
1068 574 1160 633 θειο-

143 671 242 756 τέρου
273 673 364 749 τινὸς
393 671 564 755 τυγχάνει,
597 670 642 747 ὡς
672 673 794 754 ἔοικεν,
826 665 926 754 οὖσα,
959 671 977 737 ὃ
1007 673 1068 755 την
1099 670 1159 757 μέν

145 779 289 863 δύναμιν
313 767 473 844 ούδέπότε
496 775 695 857 ἀπόλλυσιν,
723 775 788 841 ὑπὸ
813 772 850 841 δέ
873 786 930 861 τῆς
945 785 1186 868 Ιπεριαγοιγῆςτ

143 886 306 970 χρήσιμόν
334 881 447 948 τεκαὶ
471 880 642 966 ὠφέλιμον
663 880 719 946 καί
742 885 909 966 ἄχρηστον
937 877 980 948 αὖ
1003 881 1058 948 καί
1081 886 1160 967 βλα·

54 1006 129 1048 100A·
143 992 244 1075 βερὸυ
272 991 428 1074 γίγνεται.
475 987 496 1072 ἣ
529 988 621 1054 ούποο
651 986 849 1071 ἐννενόηκας
876 998 943 1052 τῶν
971 988 1160 1073 λεγομένων

143 1092 204 1181 μὲν
226 1105 396 1180 πονηρῶν,
420 1103 537 1177 σοφῶν
561 1091 609 1176 δέ,
633 1095 678 1170 ὡς
697 1096 797 1179 δριμὺ
821 1091 881 1177 μὲν
900 1092 1013 1176 βλέπει
1036 1097 1073 1160 τὸ
1096 1105 1159 1174 φυ-

142 1201 261 1286 χοίριον
283 1198 338 1266 καί
361 1199 461 1278 ὀξέως
479 1201 577 1286 διορᾷ
599 1208 702 1264 ταῦτα
726 1196 779 1283 ἐφ’
801 1198 822 1263 δ
844 1198 1030 1287 τέτραπται,
1053 1202 1098 1278 ὡς
1117 1203 1159 1267 οὐ

143 1308 278 1391 φαύλην
301 1309 379 1391 ἐχον
396 1308 458 1390 τὴν
478 1308 568 1389 ὄψιν,
592 1310 690 1392 κακίᾳ
709 1303 746 1370 δέ
764 1305 1018 1391 ἠναγκασμένον
1036 1307 1158 1391 ὑπηρε-
1174 1323 1199 1364 1⁰

142 1423 227 1494 τεῖυ,
261 1414 344 1478 ὥστε
372 1413 441 1499 ὅσῳ
469 1410 511 1478 δυ
539 1410 698 1496 ὀξύτερον
728 1410 847 1498 βλέπη,
879 1414 1028 1501 τοσούτῳ
1055 1417 1158 1479 πλείω

142 1521 226 1583 κακδι
249 1518 483 1602 ἐργαζόμενον;
512 1526 611 1582 τοῦτο
639 1514 752 1600 μέντοι
777 1519 815 1583 τὸ
838 1527 896 1600 της
917 1520 1072 1602 τοιαύτης
1095 1520 1158 1602 φύ-

143 1639 226 1699 σεως
253 1624 284 1687 εί
311 1621 346 1687 ἐκ
373 1624 493 1699 παιδὸς
524 1621 628 1698 εὐθὺς
655 1624 860 1706 κοπτόμενον
892 1626 1069 1707 περιεκόπη
1102 1626 1159 1701 τὰς

142 1737 200 1812 τῆς
235 1726 396 1811 γενέσεως
433 1727 601 1811 ξυγγενεῖς
637 1727 746 1808 ὥσπερ
783 1729 1004 1811 μολυβδίδας,
1045 1732 1083 1794 αἳ
1117 1729 1157 1812 δη

143 1835 283 1912 ἐδωδαῖς
317 1858 354 1900 τε
389 1831 445 1898 καὶ
477 1833 641 1898 τοιούτων
676 1832 815 1915 ἡδοναῖς
846 1857 881 1899 τε
912 1832 968 1899 καὶ
1000 1836 1159 1919 λιχνείαις
1173 1850 1198 1892 1⁵

141 1952 327 2028 προσφυεῖς
345 1943 539 2026 γιγνόμεναι
558 1938 692 2026 περὶτὰ
710 1940 797 2006 καίτοι
817 1938 1000 2026 στρέφουσι
1020 1943 1081 2025 την
1100 1950 1158 2025 τῆς

141 2056 249 2131 ψυχῆς
277 2049 372 2129 όψιν,
406 2043 454 2112 ὧν
486 2048 517 2112 εί
543 2042 732 2129 ἀπαλλαγὲν
758 2045 1012 2133 περιεστρέφετο
1044 2050 1091 2125 είς
1118 2049 1158 2112 τὰ

143 2152 264 2236 ἀληθῆ,
282 2150 337 2217 καί
357 2153 466 2218 ἐκεῖνα
480 2150 522 2216 διν
539 2153 577 2217 τὸ
597 2152 677 2217 αὐτὸ
691 2161 789 2217 τοῦτο
807 2163 875 2218 τῶν
893 2153 1004 2218 αὐτῶν
1024 2154 1157 2239 ἀνθρώ-

142 2279 215 2323 πων
233 2257 396 2340 όξύτα<τα
420 2255 517 2341 ἑώρα,
541 2257 673 2341 ὥσ>περ
697 2255 751 2321 καὶ
770 2253 823 2340 ἐφ’
846 2257 867 2321 ἃ
887 2267 951 2323 νῦν
970 2257 1154 2342 τέτραπται.

231 2366 309 2428 Νῦν
333 2363 375 2446 δη
401 2356 479 2444 οὖν,
504 2360 606 2426 Ιὁπότε
633 2360 782 2425 ἐνταῦθα
808 2364 1009 2448 γεγόναμεν,
1036 2363 1091 2429 καί
1119 2366 1157 2429 τὸ
1171 2380 1198 2419 20

53 2489 127 2528 24613.
141 2476 199 2552 τῆς
227 2471 429 2555 φιλοσοφίας
457 2469 558 2552 ἔργον
586 2465 704 2531 ὁποῖόν
733 2465 803 2531 έστι
831 2470 1000 2551 φαίνεται,
1029 2467 1085 2532 καλ
1113 2471 1158 2547 ὥς

141 2575 210 2640 ἐστι
237 2577 350 2659 τίμιον
377 2573 525 2639 αὐτόθεν
550 2568 619 2636 ἐστὶ
641 2571 838 2655 κατάδηλον.
883 2573 920 2636 τὸ
943 2574 1008 2659 γὰρ
1031 2595 1157 2660 περιαι-

142 2692 213 2766 ρεῖν
235 2683 297 2765 την
319 2679 453 2764 γένεσιν
481 2679 544 2744 ἀπὸ
572 2686 630 2761 τῆς
651 2685 759 2761 ψυχῆς
781 2675 837 2742 καί
860 2677 1072 2765 ἐκκαθαίρειν
1094 2681 1157 2764 την

142 2789 332 2870 λογίζεσθαι
360 2784 552 2869 δυναμένην
582 2784 683 2868 αὐτῆς
711 2781 882 2870 ἐνέργειαν
904 2786 1045 2870 μάλιστα
1073 2787 1156 2873 αὐτῇ

141 2894 309 2974 προσήκει.
360 2887 458 2968 οὗτος
486 2887 548 2956 οὖν
576 2891 709 2975 ἄριστος
736 2892 858 2975 τρόπος
885 2900 946 2956 τοῦ
973 2895 1065 2976 βίον,
1094 2895 1155 2977 τὴν
1170 2908 1195 2948 2⁵
1245 2951 1249 2956 .

142 2997 360 3078 δικαιοσύνην
383 2994 438 3061 καί
460 2997 522 3080 την
545 2997 651 3078 ύλλην
674 2995 794 3081 ἀρετὴν
814 2995 998 3074 ἀσκοῦντας
1018 2996 1074 3062 καὶ
1098 3001 1156 3081 ζῆν

140 3102 195 3169 καὶ
213 3101 383 3168 τεθνάναι.
419 3103 527 3188 τούτῳ
547 3096 609 3166 οὖν
630 3099 799 3186 ἑπόμεθα,
822 3103 853 3167 εί
870 3105 1078 3188 βουλοίμεθα
1100 3105 1155 3169 όν-

139 3233 205 3287 τως
228 3209 493 3294 εὐδαιμονήσειν.

229 3354 272 3404 25.
288 3353 321 3402 27
341 3340 424 3410 οὗτος
435 3379 467 3388 -
479 3342 630 3418 ἑποίμεθα]
649 3347 721 3401 Ρλελ.
737 3346 819 3415 Gorg.
836 3365 862 3416 p.
880 3351 930 3401 52⁷
941 3348 972 3402 Ε.

231 3478 245 3527 ῖ
265 3465 283 3540 ἦ
301 3472 311 3541 fl
330 3477 363 3526 19
381 3473 456 3526 inter
475 3466 561 3536 ὀξύτα
581 3470 644 3540 (sic)
663 3472 693 3525 et
710 3489 763 3537 περ
786 3468 889 3524 lacuna
907 3469 965 3524 fere
984 3469 1035 3523 XX
1053 3469 1154 3526 littera

142 3543 266 3612 explevit
282 3542 308 3595 A
327 3559 360 3598 ex
378 3543 423 3614 ΡΙλ
436 3549 470 3598 27
492 3539 630 3611 ἑπόμεθα
649 3558 683 3596 ex
701 3558 799 3612 apogr.
818 3539 873 3594 Oiz.
892 3541 930 3595 K:
951 3537 1090 3611 ἑπόμεθα.

954 3630 993 3683 6*
