2670 3932
166 208 208 272 88
572 205 762 262 IAMBLICHI

165 366 366 452 τεταγμένον
398 367 530 454 προέχει
556 375 617 433 τοῦ
650 366 838 452 ἀκοσμὴτου
871 389 906 431 τε
938 364 994 432 καὶ
1025 364 1177 448 ἀτάκτου,

167 471 243 541 ὥστ’
270 474 303 552 ἐξ
327 475 471 552 ἅπαντος
492 476 619 561 τρόπου
642 475 704 556 τὴν
728 473 947 556 δικαιοσύνην
968 470 1025 537 καὶ
1048 488 1179 558 σωφρο-

167 581 275 664 σύνην
299 579 460 664 ἀσκητέον
482 580 546 666 πρὸ
570 589 637 644 τῶν
660 578 822 644 ἐναντίων
845 576 953 656 ἕξεων.
999 575 1055 642 καὶ
1081 585 1179 643 τοῦτο

168 685 228 772 μὲν
251 685 331 771 ἡμῖν
355 687 460 763 οὕτως
482 685 590 770 ἐχέτω.
669 755 672 759 ,

141 813 154 852 ε
257 792 345 858 XIX.
370 781 520 858 Δύναιτο
536 786 567 857 δ’
585 792 627 856 άν
645 815 696 868 τις
713 788 768 855 καὶ
786 788 855 856 κατ’
875 791 965 856 έδίαν
984 789 1047 855 ἀπὸ
1061 799 1129 855 τῶν
1144 789 1181 854 έν

168 906 207 983 τῇ
230 905 319 982 φυχὴ
342 897 482 980 ἀγαθῶν
504 897 694 977 ἐπεξελθεῖν
712 903 757 984 τῷ
777 895 993 984 προκειμένῳ,
1019 897 1182 961 δεικνύων

169 1004 280 1069 αὐτῶν
307 1005 344 1068 τὸ
371 1001 485 1068 τέλεον
511 1002 567 1068 καὶ
598 1003 718 1087 κύριον
750 1001 972 1086 εὐδαιμονίας.
1024 1001 1090 1090 ὅσῳ
1119 1003 1182 1087 γάρ

169 1110 190 1192 ἡ
218 1110 307 1194 ψυχὴ
339 1117 401 1174 τοῦ
433 1109 583 1192 σώματος
611 1106 759 1193 προέχει,
791 1108 939 1195 τοσούτῳ
973 1111 1100 1191 μᾶλλον
1126 1105 1182 1172 καὶ
1197 1123 1272 1163 10⁷A·

170 1215 302 1299 τάγαθδ
320 1215 422 1298 αὐτὴς
439 1214 605 1300 ὑπερέχει·
627 1212 683 1279 καὶ
703 1215 744 1279 τά
761 1211 823 1298 μέν
841 1223 902 1280 τοῦ
921 1215 1071 1298 σώματος
1094 1215 1185 1279 έσται

132 1341 157 1380 ιο
171 1322 458 1406 εὐκαταφρόνητα,
495 1322 535 1385 τά
568 1317 604 1384 δὲ
635 1327 694 1404 τὴς
724 1329 832 1404 ψυχῆς
862 1323 954 1405 τίμια
985 1319 1041 1385 καὶ
1073 1319 1186 1404 σεμνά.

170 1425 224 1493 καὶ
252 1429 289 1492 τὸ
318 1426 450 1510 ἀγαθὸν
479 1421 541 1492 οὖν
570 1426 611 1492 οὐ
637 1427 675 1490 τὸ
705 1425 786 1491 αὐτό
818 1424 909 1491 ἐστιν
936 1425 1017 1512 ὅπερ
1044 1427 1081 1490 τὸ
1109 1423 1185 1508 ἡδύ,

171 1531 226 1599 καὶ
248 1541 308 1600 τοῦ
332 1532 466 1615 ἀγαθοῦ
484 1531 580 1597 ἑνεκα
598 1529 763 1619 πρακτέον
780 1533 818 1597 τὸ
837 1532 913 1614 ἡδύ,
938 1531 979 1596 οὐ
997 1531 1035 1596 τὸ
1055 1529 1186 1614 ἀγαθὸν

172 1638 268 1704 ἑνεκα
282 1645 343 1704 τοῦ
358 1635 464 1721 ἡδέος.
491 1637 558 1721 ἡδὺ
577 1636 617 1703 δέ
633 1637 702 1702 έστι
719 1645 830 1721 τοῦτο,
854 1631 894 1702 οὗ
912 1635 1186 1722 παραγενομένου

172 1745 334 1830 ἡδόμεθα,
354 1744 486 1828 ἀγαθὸν
505 1742 553 1826 δέ,
574 1738 615 1808 οὗ
629 1746 795 1828 παρόντος
814 1743 942 1827 ἀγαθοί
957 1743 1065 1829 ἐσμεν.
1105 1743 1188 1808 ἀλλά

133 1869 158 1909 15
173 1852 240 1935 μὴν
265 1850 393 1934 ἀγαθοί
417 1848 458 1932 γέ
478 1849 577 1933 ἐσμεν
604 1848 659 1913 καὶ
689 1847 783 1932 ἡμεῖς
809 1846 864 1913 καὶ
890 1849 931 1913 τά
959 1849 1042 1914 ἀλλα
1068 1849 1186 1930 πάντα,

174 1957 236 2022 ὅσα
259 1954 370 2039 άγαθά
393 1954 498 2036 ἐστιν,
530 1954 647 2038 ἀρετῆς
675 1976 767 2031 τινος
788 1952 1068 2038 παραγενομένης.
1105 1955 1188 2020 ἀλλά
1314 2005 1334 2042 ,,

174 2057 235 2146 μὲν
255 2060 296 2143 δὴ
319 2061 340 2142 ἡ
363 2083 401 2144 γε
424 2058 522 2143 άρετὴ
544 2057 694 2142 ἑκάστου,
718 2057 774 2123 καὶ
798 2059 938 2136 σκεύους
960 2057 1016 2124 καὶ
1039 2060 1189 2145 σώματος
1203 2077 1279 2118 τουπ

173 2164 228 2232 καὶΙ
251 2173 359 2250 ψυχῆς
382 2160 425 2230 αὖ
447 2163 503 2230 καὶ
528 2163 614 2252 ζςόου
637 2167 776 2248 παντός,
805 2164 846 2230 οὐ
872 2172 918 2252 τῳ
943 2167 1013 2250 είκὴ
1035 2164 1091 2230 καὶ
1113 2167 1190 2230 κάλ-

175 2278 270 2338 λιστα
284 2273 531 2358 παραγίγνεται,
552 2270 635 2336 ἀλλά
653 2270 743 2348 τάξει
756 2269 811 2336 καὶ
830 2270 989 2355 ὀρθότητι
1008 2269 1063 2335 καὶ
1080 2270 1190 2358 τέχνη,

136 2397 162 2438 20
175 2381 247 2462 ἡτις
270 2377 394 2465 ἑκάστῳ
419 2375 620 2443 ἀποδέδοται
643 2377 763 2442 αὐτῶν.
799 2376 888 2454 τάξει
907 2378 971 2463 άρα
989 2376 1191 2462 τεταγμένον

174 2508 207 2549 τι
229 2482 284 2550 καὶ
306 2481 555 2569 κεκοσμημένον
578 2482 670 2548 ἐστὶν
692 2482 713 2566 ἡ
737 2483 835 2567 ἀρετὴ
860 2481 1015 2566 ἑκάστου,
1039 2483 1084 2560 ὡς
1106 2487 1189 2568 φαίη

176 2592 218 2656 άν
241 2613 290 2668 τις
313 2592 497 2674 σωφρόνως
524 2592 817 2673 λογιζόμενοςεκε
841 2588 878 2653 έν
902 2587 1026 2675 ἑκάστῳ
1056 2590 1146 2676 [γάρ]
1171 2589 1189 2654 ὁ

177 2696 316 2761 ἑκάστου
345 2697 466 2772 οἰκεῖος
493 2695 627 2778 ἀγαθὸν
654 2692 789 2779 παρέχει
816 2693 956 2760 ἑκαστον
983 2703 1050 2759 τῶν
1073 2696 1191 2761 όντων.

178 2803 260 2866 ὅθεν
284 2801 325 2882 δὴ
348 2798 404 2864 καὶ
427 2801 516 2884 ψυχὴ
539 2802 665 2885 κόσμον
690 2803 812 2885 ἔχουσα
840 2802 899 2866 τὸν
923 2800 1024 2884 αὐτῆς
1046 2800 1192 2885 ἀμείνων

137 2908 163 2967 ἀι
177 2914 235 2989 τὴς
257 2905 454 2990 άκοσμὴτου.
492 2905 575 2971 ἀλλὰ
593 2908 660 2991 μὴν
679 2907 700 2990 ἡ
719 2930 756 2990 γε
775 2909 901 2992 κόσμον
920 2908 1042 2990 έχουσα
1060 2909 1191 2991 κοσμία,

177 3013 197 3096 ἡ
223 3011 262 3078 δέ
283 3036 320 3096 γε
342 3016 463 3097 κοσμία
486 3013 647 3097 σώφρων·
671 3011 691 3095 ἡ
711 3015 775 3097 ἀρα
794 3015 940 3097 σώφρων
963 3012 1052 3096 φυχὴ
1071 3011 1192 3095 άγαθὴ.

268 3193 310 3242 11.
328 3205 356 3256 p.
372 3193 415 3256 οο,
432 3193 465 3242 14
483 3185 556 3242 Plat.
576 3187 660 3258 Gorg.
679 3205 706 3256 p
723 3193 774 3242 506
785 3188 935 3244 ο-οοεΑ

270 3351 302 3399 15
321 3346 353 3413 γέ
373 3345 433 3400 PK:
452 3364 481 3400 τε
496 3347 505 3414 ΙΙ
520 3350 553 3399 21
572 3347 602 3400 τέ
616 3349 626 3416 ΙΙ
644 3352 677 3400 22
697 3346 827 3399 lacunam
845 3348 911 3415 post
928 3342 1105 3430 λογιζόμενος
1122 3344 1194 3399 indi-

171 3415 243 3469 ’τεεί
262 3418 291 3469 et
308 3432 373 3469 mox
391 3412 446 3485 γάρ
465 3415 571 3470 delevi:
596 3418 758 3470 εκοίδετουτ
775 3417 902 3471 Platonis
926 3419 1013 3471 verba
1030 3411 1134 3485 κόσμος
1152 3436 1195 3478 τις

180 3481 237 3552 άρα
260 3483 457 3572 ἐγγενόμενος,
485 3487 559 3540 unde
582 3482 685 3555 κόσμος
712 3487 831 3556 εττίροίθ
855 3489 884 3541 et
908 3489 972 3557 post
994 3485 1129 3548 οἰκεῖος
1121 3504 1195 3542 mse-

179 3554 238 3608 ruit
255 3553 281 3606 K
294 3555 303 3622 ΙΙ
317 3561 352 3608 24
372 3551 467 3624 αὐτῆς,
