<?xml version="1.0" encoding="UTF-8"?>
<!DOCTYPE html PUBLIC "-//W3C//DTD XHTML 1.0 Transitional//EN"
    "http://www.w3.org/TR/xhtml1/DTD/xhtml1-transitional.dtd">
<html xmlns="http://www.w3.org/1999/xhtml" xml:lang="en" lang="en">
 <head>
  <title>
</title>
<meta http-equiv="Content-Type" content="text/html;charset=utf-8" />
  <meta name='ocr-system' content='tesseract 3.04.00' />
  <meta name='ocr-capabilities' content='ocr_page ocr_carea ocr_par ocr_line ocrx_word'/>
</head>
<body>
  <div class='ocr_page' id='page_1' title='image "./iamblichiprotre02jambgoog_0105.png"; bbox 0 0 2670 3932; ppageno 0'>
   <div class='ocr_carea' id='block_1_1' title="bbox 127 219 784 301">
    <p class='ocr_par' dir='ltr' id='par_1_1' title="bbox 127 219 784 301">
     <span class='ocr_line' id='line_1_1' title="bbox 127 219 784 301; baseline 0.002 -27"><span class='ocrx_word' id='word_1_1' title='bbox 127 297 131 301; x_wconf 10' lang='grc' dir='ltr'><em>χ</em></span> <span class='ocrx_word' id='word_1_2' title='bbox 185 221 227 286; x_wconf 82' lang='lat'><em>86</em></span> <span class='ocrx_word' id='word_1_3' title='bbox 592 219 784 276; x_wconf 73' lang='grc' dir='ltr'><em>Ιααοοιοει</em></span> 
     </span>
    </p>
   </div>
   <div class='ocr_carea' id='block_1_2' title="bbox 141 379 1329 3224">
    <p class='ocr_par' dir='ltr' id='par_1_2' title="bbox 272 379 1291 469">
     <span class='ocr_line' id='line_1_2' title="bbox 272 379 1291 469; baseline 0 -21"><span class='ocrx_word' id='word_1_4' title='bbox 272 382 394 448; x_wconf 88' lang='lat' dir='ltr'>XVIII.</span> <span class='ocrx_word' id='word_1_5' title='bbox 421 383 532 469; x_wconf 76' lang='grc' dir='ltr'><em>Ταύτῃ</em></span> <span class='ocrx_word' id='word_1_6' title='bbox 556 379 585 448; x_wconf 88' lang='grc' dir='ltr'><em>δ’</em></span> <span class='ocrx_word' id='word_1_7' title='bbox 614 379 682 448; x_wconf 80' lang='grc' dir='ltr'><em>ἐστὶ</em></span> <span class='ocrx_word' id='word_1_8' title='bbox 705 385 868 467; x_wconf 86' lang='grc' dir='ltr'><em>συγγενὴς</em></span> <span class='ocrx_word' id='word_1_9' title='bbox 890 381 945 447; x_wconf 78' lang='grc' dir='ltr'><em>καί</em></span> <span class='ocrx_word' id='word_1_10' title='bbox 968 384 1050 466; x_wconf 83' lang='grc' dir='ltr'><em>άλλη</em></span> <span class='ocrx_word' id='word_1_11' title='bbox 1075 383 1199 467; x_wconf 80' lang='grc' dir='ltr'><em>ἔφοδος</em></span> <span class='ocrx_word' id='word_1_12' title='bbox 1214 401 1291 441; x_wconf 73' lang='lat' dir='ltr'>104A.</span> 
     </span>
    </p>

    <p class='ocr_par' dir='ltr' id='par_1_3' title="bbox 157 483 1200 1315">
     <span class='ocr_line' id='line_1_3' title="bbox 183 483 1199 578; baseline -0.001 -24"><span class='ocrx_word' id='word_1_13' title='bbox 183 490 204 573; x_wconf 84' lang='grc' dir='ltr'><em>ἡ</em></span> <span class='ocrx_word' id='word_1_14' title='bbox 227 483 298 554; x_wconf 87' lang='grc' dir='ltr'><em>κατ’</em></span> <span class='ocrx_word' id='word_1_15' title='bbox 324 487 507 571; x_wconf 81' lang='grc' dir='ltr'><em>ἀναλογίαν</em></span> <span class='ocrx_word' id='word_1_16' title='bbox 531 489 594 555; x_wconf 91' lang='grc' dir='ltr'><em>ἀπὸ</em></span> <span class='ocrx_word' id='word_1_17' title='bbox 613 500 680 555; x_wconf 90' lang='grc' dir='ltr'><em>τῶν</em></span> <span class='ocrx_word' id='word_1_18' title='bbox 704 489 741 555; x_wconf 79' lang='grc' dir='ltr'><em>ἐν</em></span> <span class='ocrx_word' id='word_1_19' title='bbox 764 497 809 578; x_wconf 74' lang='grc' dir='ltr'><em>τῷ</em></span> <span class='ocrx_word' id='word_1_20' title='bbox 834 491 961 573; x_wconf 83' lang='grc' dir='ltr'><em>σώματι</em></span> <span class='ocrx_word' id='word_1_21' title='bbox 975 487 1199 572; x_wconf 76' lang='grc' dir='ltr'><em>Ιφαινομένων</em></span> 
     </span>
     <span class='ocr_line' id='line_1_4' title="bbox 184 592 1199 680; baseline -0.002 -20"><span class='ocrx_word' id='word_1_22' title='bbox 184 595 335 679; x_wconf 78' lang='grc' dir='ltr'><em>ἐναργῶν</em></span> <span class='ocrx_word' id='word_1_23' title='bbox 358 592 411 660; x_wconf 78' lang='grc' dir='ltr'><em>ἐπὶ</em></span> <span class='ocrx_word' id='word_1_24' title='bbox 433 597 473 661; x_wconf 82' lang='grc' dir='ltr'><em>τά</em></span> <span class='ocrx_word' id='word_1_25' title='bbox 495 603 553 678; x_wconf 79' lang='grc' dir='ltr'><em>τῆς</em></span> <span class='ocrx_word' id='word_1_26' title='bbox 575 605 683 680; x_wconf 80' lang='grc' dir='ltr'><em>ψυχῆς</em></span> <span class='ocrx_word' id='word_1_27' title='bbox 709 598 954 680; x_wconf 84' lang='grc' dir='ltr'><em>μεταβαίνουσα</em></span> <span class='ocrx_word' id='word_1_28' title='bbox 980 595 1065 661; x_wconf 90' lang='grc' dir='ltr'><em>κακά</em></span> <span class='ocrx_word' id='word_1_29' title='bbox 1086 618 1121 659; x_wconf 87' lang='grc' dir='ltr'><em>τε</em></span> <span class='ocrx_word' id='word_1_30' title='bbox 1144 593 1199 659; x_wconf 80' lang='grc' dir='ltr'><em>καὶ</em></span> 
     </span>
     <span class='ocr_line' id='line_1_5' title="bbox 184 699 1198 787; baseline -0.002 -20"><span class='ocrx_word' id='word_1_31' title='bbox 184 702 312 786; x_wconf 88' lang='grc' dir='ltr'><em>ἀγαθά,</em></span> <span class='ocrx_word' id='word_1_32' title='bbox 345 699 400 766; x_wconf 83' lang='grc' dir='ltr'><em>καὶ</em></span> <span class='ocrx_word' id='word_1_33' title='bbox 426 713 494 766; x_wconf 89' lang='grc' dir='ltr'><em>τῶν</em></span> <span class='ocrx_word' id='word_1_34' title='bbox 521 699 583 785; x_wconf 70' lang='grc' dir='ltr'><em>μὲν</em></span> <span class='ocrx_word' id='word_1_35' title='bbox 610 712 721 767; x_wconf 87' lang='grc' dir='ltr'><em>κακῶν</em></span> <span class='ocrx_word' id='word_1_36' title='bbox 753 704 938 786; x_wconf 81' lang='grc' dir='ltr'><em>χωρίζουσα</em></span> <span class='ocrx_word' id='word_1_37' title='bbox 965 699 1021 766; x_wconf 83' lang='grc' dir='ltr'><em>καὶ</em></span> <span class='ocrx_word' id='word_1_38' title='bbox 1048 703 1132 787; x_wconf 89' lang='grc' dir='ltr'><em>πρὸς</em></span> <span class='ocrx_word' id='word_1_39' title='bbox 1157 703 1198 766; x_wconf 85' lang='grc' dir='ltr'><em>τά</em></span> 
     </span>
     <span class='ocr_line' id='line_1_6' title="bbox 157 805 1199 893; baseline 0.004 -25"><span class='ocrx_word' id='word_1_40' title='bbox 157 809 304 892; x_wconf 82' lang='grc' dir='ltr'><em>ταίσχρά</em></span> <span class='ocrx_word' id='word_1_41' title='bbox 336 806 558 893; x_wconf 88' lang='grc' dir='ltr'><em>ἀλλοτριοῦσα</em></span> <span class='ocrx_word' id='word_1_42' title='bbox 589 808 651 890; x_wconf 80' lang='grc' dir='ltr'><em>τὴν</em></span> <span class='ocrx_word' id='word_1_43' title='bbox 682 809 878 892; x_wconf 88' lang='grc' dir='ltr'><em>προαίρεσιν</em></span> <span class='ocrx_word' id='word_1_44' title='bbox 909 806 1019 891; x_wconf 78' lang='grc' dir='ltr'><em>ἡμῶν,</em></span> <span class='ocrx_word' id='word_1_45' title='bbox 1056 817 1123 872; x_wconf 92' lang='grc' dir='ltr'><em>τῶν</em></span> <span class='ocrx_word' id='word_1_46' title='bbox 1161 805 1199 872; x_wconf 69' lang='grc' dir='ltr'><em>δὲ</em></span> 
     </span>
     <span class='ocr_line' id='line_1_7' title="bbox 184 910 1197 999; baseline 0 -21"><span class='ocrx_word' id='word_1_47' title='bbox 184 913 324 997; x_wconf 89' lang='grc' dir='ltr'><em>ἀγαθῶν</em></span> <span class='ocrx_word' id='word_1_48' title='bbox 356 913 663 998; x_wconf 73' lang='grc' dir='ltr'><em>ἀντιλαμβάνεσθαι</em></span> <span class='ocrx_word' id='word_1_49' title='bbox 694 910 793 978; x_wconf 81' lang='grc' dir='ltr'><em>παντὶ</em></span> <span class='ocrx_word' id='word_1_50' title='bbox 830 911 947 978; x_wconf 83' lang='grc' dir='ltr'><em>σθένει</em></span> <span class='ocrx_word' id='word_1_51' title='bbox 978 918 1197 999; x_wconf 83' lang='grc' dir='ltr'><em>παρακελευο-</em></span> 
     </span>
     <span class='ocr_line' id='line_1_8' title="bbox 184 1017 1200 1105; baseline -0.001 -20"><span class='ocrx_word' id='word_1_52' title='bbox 184 1018 278 1103; x_wconf 81' lang='grc' dir='ltr'><em>μένη,</em></span> <span class='ocrx_word' id='word_1_53' title='bbox 301 1017 357 1084; x_wconf 81' lang='grc' dir='ltr'><em>καὶ</em></span> <span class='ocrx_word' id='word_1_54' title='bbox 379 1020 462 1105; x_wconf 89' lang='grc' dir='ltr'><em>πρὸς</em></span> <span class='ocrx_word' id='word_1_55' title='bbox 483 1021 524 1084; x_wconf 85' lang='grc' dir='ltr'><em>τά</em></span> <span class='ocrx_word' id='word_1_56' title='bbox 542 1021 626 1085; x_wconf 87' lang='grc' dir='ltr'><em>καλά</em></span> <span class='ocrx_word' id='word_1_57' title='bbox 649 1021 819 1084; x_wconf 80' lang='grc' dir='ltr'><em>οἰκειοῦσα</em></span> <span class='ocrx_word' id='word_1_58' title='bbox 841 1018 936 1104; x_wconf 78' lang='grc' dir='ltr'><em>ἡμῶν</em></span> <span class='ocrx_word' id='word_1_59' title='bbox 958 1020 1021 1103; x_wconf 80' lang='grc' dir='ltr'><em>τὴν</em></span> <span class='ocrx_word' id='word_1_60' title='bbox 1044 1019 1200 1084; x_wconf 89' lang='grc' dir='ltr'><em>διάνοιαν</em></span> 
     </span>
     <span class='ocr_line' id='line_1_9' title="bbox 184 1117 1200 1210; baseline 0.003 -22"><span class='ocrx_word' id='word_1_61' title='bbox 184 1124 217 1202; x_wconf 78' lang='grc' dir='ltr'><em>ἐξ</em></span> <span class='ocrx_word' id='word_1_62' title='bbox 245 1125 390 1201; x_wconf 80' lang='grc' dir='ltr'><em>ἅπαντος</em></span> <span class='ocrx_word' id='word_1_63' title='bbox 416 1128 550 1210; x_wconf 88' lang='grc' dir='ltr'><em>τρόπου.</em></span> <span class='ocrx_word' id='word_1_64' title='bbox 597 1117 670 1191; x_wconf 80' lang='grc' dir='ltr'><em>οἷον</em></span> <span class='ocrx_word' id='word_1_65' title='bbox 700 1127 732 1190; x_wconf 84' lang='grc' dir='ltr'><em>εί</em></span> <span class='ocrx_word' id='word_1_66' title='bbox 760 1126 801 1190; x_wconf 87' lang='grc' dir='ltr'><em>τά</em></span> <span class='ocrx_word' id='word_1_67' title='bbox 830 1125 923 1208; x_wconf 82' lang='grc' dir='ltr'><em>πάθη</em></span> <span class='ocrx_word' id='word_1_68' title='bbox 954 1133 1015 1190; x_wconf 90' lang='grc' dir='ltr'><em>τοῦ</em></span> <span class='ocrx_word' id='word_1_69' title='bbox 1048 1126 1200 1210; x_wconf 85' lang='grc' dir='ltr'><em>σώματος</em></span> 
     </span>
     <span class='ocr_line' id='line_1_10' title="bbox 183 1229 1199 1315; baseline 0.001 -20"><span class='ocrx_word' id='word_1_70' title='bbox 183 1232 310 1313; x_wconf 85' lang='grc' dir='ltr'><em>φευκτὰ</em></span> <span class='ocrx_word' id='word_1_71' title='bbox 337 1229 392 1294; x_wconf 78' lang='grc' dir='ltr'><em>καὶ</em></span> <span class='ocrx_word' id='word_1_72' title='bbox 423 1233 463 1295; x_wconf 84' lang='grc' dir='ltr'><em>τά</em></span> <span class='ocrx_word' id='word_1_73' title='bbox 490 1233 676 1315; x_wconf 78' lang='grc' dir='ltr'><em>νοσήματα,</em></span> <span class='ocrx_word' id='word_1_74' title='bbox 708 1233 795 1296; x_wconf 87' lang='grc' dir='ltr'><em>πολὺ</em></span> <span class='ocrx_word' id='word_1_75' title='bbox 819 1233 937 1315; x_wconf 74' lang='grc' dir='ltr'><em>δήπου</em></span> <span class='ocrx_word' id='word_1_76' title='bbox 969 1233 1133 1315; x_wconf 88' lang='grc' dir='ltr'><em>πρότερον</em></span> <span class='ocrx_word' id='word_1_77' title='bbox 1158 1233 1199 1296; x_wconf 83' lang='grc' dir='ltr'><em>τά</em></span> 
     </span>
    </p>

    <p class='ocr_par' dir='ltr' id='par_1_4' title="bbox 144 1333 1287 1847">
     <span class='ocr_line' id='line_1_11' title="bbox 144 1333 1198 1420; baseline 0.008 -26"><span class='ocrx_word' id='word_1_78' title='bbox 144 1356 170 1395; x_wconf 85' lang='grc' dir='ltr'><em>ιο</em></span> <span class='ocrx_word' id='word_1_79' title='bbox 183 1347 241 1420; x_wconf 74' lang='grc' dir='ltr'><em>τῆς</em></span> <span class='ocrx_word' id='word_1_80' title='bbox 267 1344 389 1420; x_wconf 76' lang='grc' dir='ltr'><em>ψυχῆς,</em></span> <span class='ocrx_word' id='word_1_81' title='bbox 419 1333 475 1400; x_wconf 82' lang='grc' dir='ltr'><em>καὶ</em></span> <span class='ocrx_word' id='word_1_82' title='bbox 505 1337 537 1401; x_wconf 87' lang='grc' dir='ltr'><em>εί</em></span> <span class='ocrx_word' id='word_1_83' title='bbox 562 1335 583 1418; x_wconf 77' lang='grc' dir='ltr'><em>ἡ</em></span> <span class='ocrx_word' id='word_1_84' title='bbox 611 1339 710 1413; x_wconf 82' lang='grc' dir='ltr'><em>νόσος</em></span> <span class='ocrx_word' id='word_1_85' title='bbox 739 1346 800 1401; x_wconf 89' lang='grc' dir='ltr'><em>τοῦ</em></span> <span class='ocrx_word' id='word_1_86' title='bbox 827 1337 978 1420; x_wconf 82' lang='grc' dir='ltr'><em>σώματος</em></span> <span class='ocrx_word' id='word_1_87' title='bbox 1008 1337 1048 1401; x_wconf 85' lang='grc' dir='ltr'><em>οὐ</em></span> <span class='ocrx_word' id='word_1_88' title='bbox 1075 1337 1198 1420; x_wconf 83' lang='grc' dir='ltr'><em>βιωτὸν</em></span> 
     </span>
     <span class='ocr_line' id='line_1_12' title="bbox 182 1441 1199 1529; baseline 0.002 -23"><span class='ocrx_word' id='word_1_89' title='bbox 182 1441 263 1526; x_wconf 71' lang='grc' dir='ltr'><em>ἡμῖν</em></span> <span class='ocrx_word' id='word_1_90' title='bbox 293 1444 353 1507; x_wconf 89' lang='grc' dir='ltr'><em>τὸν</em></span> <span class='ocrx_word' id='word_1_91' title='bbox 379 1444 494 1525; x_wconf 92' lang='grc' dir='ltr'><em>βίοτον</em></span> <span class='ocrx_word' id='word_1_92' title='bbox 524 1441 751 1529; x_wconf 77' lang='grc' dir='ltr'><em>ἀπεργάζεται,</em></span> <span class='ocrx_word' id='word_1_93' title='bbox 783 1444 870 1508; x_wconf 87' lang='grc' dir='ltr'><em>πολὺ</em></span> <span class='ocrx_word' id='word_1_94' title='bbox 899 1445 1008 1526; x_wconf 78' lang='grc' dir='ltr'><em>δήπου</em></span> <span class='ocrx_word' id='word_1_95' title='bbox 1035 1445 1199 1529; x_wconf 86' lang='grc' dir='ltr'><em>πρότερον</em></span> 
     </span>
     <span class='ocr_line' id='line_1_13' title="bbox 183 1544 1287 1637; baseline -0.003 -26"><span class='ocrx_word' id='word_1_96' title='bbox 183 1547 204 1630; x_wconf 74' lang='grc' dir='ltr'><em>ἡ</em></span> <span class='ocrx_word' id='word_1_97' title='bbox 236 1547 348 1613; x_wconf 77' lang='grc' dir='ltr'><em>ἀδικία</em></span> <span class='ocrx_word' id='word_1_98' title='bbox 378 1551 479 1626; x_wconf 82' lang='grc' dir='ltr'><em>νόσος</em></span> <span class='ocrx_word' id='word_1_99' title='bbox 507 1544 592 1614; x_wconf 82' lang='grc' dir='ltr'><em>οὖσα</em></span> <span class='ocrx_word' id='word_1_100' title='bbox 624 1557 682 1633; x_wconf 76' lang='grc' dir='ltr'><em>τῆς</em></span> <span class='ocrx_word' id='word_1_101' title='bbox 713 1558 821 1634; x_wconf 78' lang='grc' dir='ltr'><em>ψυχῆς</em></span> <span class='ocrx_word' id='word_1_102' title='bbox 848 1549 1019 1634; x_wconf 85' lang='grc' dir='ltr'><em>ἀφόρητόν</em></span> <span class='ocrx_word' id='word_1_103' title='bbox 1049 1549 1117 1614; x_wconf 82' lang='grc' dir='ltr'><em>ἐστι</em></span> <span class='ocrx_word' id='word_1_104' title='bbox 1149 1558 1195 1637; x_wconf 75' lang='grc' dir='ltr'><em>τῷ</em></span> <span class='ocrx_word' id='word_1_105' title='bbox 1212 1568 1287 1609; x_wconf 74' lang='grc' dir='ltr'><em>εεικ,</em></span> 
     </span>
     <span class='ocr_line' id='line_1_14' title="bbox 183 1653 1198 1741; baseline 0.002 -23"><span class='ocrx_word' id='word_1_106' title='bbox 183 1657 303 1737; x_wconf 75' lang='grc' dir='ltr'><em>ἔχοντι,</em></span> <span class='ocrx_word' id='word_1_107' title='bbox 326 1653 382 1721; x_wconf 75' lang='grc' dir='ltr'><em>καί</em></span> <span class='ocrx_word' id='word_1_108' title='bbox 405 1657 436 1720; x_wconf 90' lang='grc' dir='ltr'><em>εί</em></span> <span class='ocrx_word' id='word_1_109' title='bbox 456 1656 494 1720; x_wconf 91' lang='grc' dir='ltr'><em>τὸ</em></span> <span class='ocrx_word' id='word_1_110' title='bbox 518 1666 613 1741; x_wconf 92' lang='grc' dir='ltr'><em>σῶμα</em></span> <span class='ocrx_word' id='word_1_111' title='bbox 631 1653 846 1740; x_wconf 73' lang='grc' dir='ltr'><em>ἀσυμμέτρους</em></span> <span class='ocrx_word' id='word_1_112' title='bbox 870 1657 1078 1740; x_wconf 84' lang='grc' dir='ltr'><em>διακείμενον</em></span> <span class='ocrx_word' id='word_1_113' title='bbox 1098 1655 1198 1720; x_wconf 80' lang='grc' dir='ltr'><em>ἀπόλ·</em></span> 
     </span>
     <span class='ocr_line' id='line_1_15' title="bbox 183 1760 1197 1847; baseline 0.003 -23"><span class='ocrx_word' id='word_1_114' title='bbox 183 1765 281 1825; x_wconf 90' lang='grc' dir='ltr'><em>λυσιν</em></span> <span class='ocrx_word' id='word_1_115' title='bbox 308 1760 403 1846; x_wconf 84' lang='grc' dir='ltr'><em>ἡμῶν</em></span> <span class='ocrx_word' id='word_1_116' title='bbox 430 1762 491 1845; x_wconf 76' lang='grc' dir='ltr'><em>τὴν</em></span> <span class='ocrx_word' id='word_1_117' title='bbox 518 1765 706 1845; x_wconf 78' lang='grc' dir='ltr'><em>τελειότητα</em></span> <span class='ocrx_word' id='word_1_118' title='bbox 734 1770 793 1844; x_wconf 81' lang='grc' dir='ltr'><em>τῆς</em></span> <span class='ocrx_word' id='word_1_119' title='bbox 819 1769 940 1846; x_wconf 76' lang='grc' dir='ltr'><em>ψυχῆς,</em></span> <span class='ocrx_word' id='word_1_120' title='bbox 969 1762 1050 1827; x_wconf 83' lang='grc' dir='ltr'><em>ὅταν</em></span> <span class='ocrx_word' id='word_1_121' title='bbox 1078 1761 1197 1847; x_wconf 80' lang='grc' dir='ltr'><em>ἐκεῖνο,</em></span> 
     </span>
    </p>

    <p class='ocr_par' dir='ltr' id='par_1_5' title="bbox 143 1856 1329 2384">
     <span class='ocr_line' id='line_1_16' title="bbox 143 1856 1197 1953; baseline 0.009 -28"><span class='ocrx_word' id='word_1_122' title='bbox 143 1856 209 1951; x_wconf 74' lang='grc' dir='ltr'><em>1σῷ</em></span> <span class='ocrx_word' id='word_1_123' title='bbox 239 1868 358 1949; x_wconf 78' lang='grc' dir='ltr'><em>ζῶμεν,</em></span> <span class='ocrx_word' id='word_1_124' title='bbox 390 1871 586 1951; x_wconf 85' lang='grc' dir='ltr'><em>πλημμελῶς</em></span> <span class='ocrx_word' id='word_1_125' title='bbox 617 1869 674 1952; x_wconf 78' lang='grc' dir='ltr'><em>ἔχῃ</em></span> <span class='ocrx_word' id='word_1_126' title='bbox 701 1864 757 1932; x_wconf 82' lang='grc' dir='ltr'><em>καί</em></span> <span class='ocrx_word' id='word_1_127' title='bbox 790 1867 945 1953; x_wconf 80' lang='grc' dir='ltr'><em>στασιάζῃ</em></span> <span class='ocrx_word' id='word_1_128' title='bbox 972 1869 1057 1951; x_wconf 88' lang='grc' dir='ltr'><em>πρὸς</em></span> <span class='ocrx_word' id='word_1_129' title='bbox 1088 1867 1197 1953; x_wconf 80' lang='grc' dir='ltr'><em>ἑαυτό,</em></span> 
     </span>
     <span class='ocr_line' id='line_1_17' title="bbox 183 1969 1329 2070; baseline 0.007 -37"><span class='ocrx_word' id='word_1_130' title='bbox 183 1969 244 2034; x_wconf 84' lang='grc' dir='ltr'><em>οὐκ</em></span> <span class='ocrx_word' id='word_1_131' title='bbox 274 1973 402 2036; x_wconf 80' lang='grc' dir='ltr'><em>ἔνεστιν</em></span> <span class='ocrx_word' id='word_1_132' title='bbox 430 1971 542 2056; x_wconf 81' lang='grc' dir='ltr'><em>ὀρθῶς</em></span> <span class='ocrx_word' id='word_1_133' title='bbox 570 1974 753 2056; x_wconf 89' lang='grc' dir='ltr'><em>διαβιῶναι.</em></span> <span class='ocrx_word' id='word_1_134' title='bbox 800 1975 961 2057; x_wconf 86' lang='grc' dir='ltr'><em>μετίωμεν</em></span> <span class='ocrx_word' id='word_1_135' title='bbox 990 1974 1031 2057; x_wconf 78' lang='grc' dir='ltr'><em>δὴ</em></span> <span class='ocrx_word' id='word_1_136' title='bbox 1060 1973 1116 2040; x_wconf 84' lang='grc' dir='ltr'><em>καὶ</em></span> <span class='ocrx_word' id='word_1_137' title='bbox 1144 1973 1197 2041; x_wconf 81' lang='grc' dir='ltr'><em>ἐπὶ</em></span> <span class='ocrx_word' id='word_1_138' title='bbox 1327 2015 1329 2070; x_wconf 61' lang='lat'>3</span> 
     </span>
     <span class='ocr_line' id='line_1_18' title="bbox 182 2075 1197 2166; baseline 0.008 -28"><span class='ocrx_word' id='word_1_139' title='bbox 182 2075 308 2160; x_wconf 81' lang='grc' dir='ltr'><em>θάτερα</em></span> <span class='ocrx_word' id='word_1_140' title='bbox 337 2078 420 2141; x_wconf 86' lang='grc' dir='ltr'><em>κατά</em></span> <span class='ocrx_word' id='word_1_141' title='bbox 449 2078 508 2142; x_wconf 89' lang='grc' dir='ltr'><em>τὸν</em></span> <span class='ocrx_word' id='word_1_142' title='bbox 536 2078 640 2143; x_wconf 84' lang='grc' dir='ltr'><em>αὐτὸν</em></span> <span class='ocrx_word' id='word_1_143' title='bbox 667 2080 801 2161; x_wconf 89' lang='grc' dir='ltr'><em>τρόπον.</em></span> <span class='ocrx_word' id='word_1_144' title='bbox 847 2079 957 2164; x_wconf 81' lang='grc' dir='ltr'><em>ὥσπερ</em></span> <span class='ocrx_word' id='word_1_145' title='bbox 984 2081 1048 2166; x_wconf 82' lang='grc' dir='ltr'><em>γάρ</em></span> <span class='ocrx_word' id='word_1_146' title='bbox 1076 2080 1197 2159; x_wconf 80' lang='grc' dir='ltr'><em>τάξεως</em></span> 
     </span>
     <span class='ocr_line' id='line_1_19' title="bbox 181 2178 1197 2271; baseline 0.008 -27"><span class='ocrx_word' id='word_1_147' title='bbox 181 2178 237 2245; x_wconf 83' lang='grc' dir='ltr'><em>καὶ</em></span> <span class='ocrx_word' id='word_1_148' title='bbox 268 2182 396 2266; x_wconf 91' lang='grc' dir='ltr'><em>κόσμου</em></span> <span class='ocrx_word' id='word_1_149' title='bbox 423 2184 464 2248; x_wconf 84' lang='grc' dir='ltr'><em>τά</em></span> <span class='ocrx_word' id='word_1_150' title='bbox 495 2180 636 2271; x_wconf 71' lang='grc' dir='ltr'><em>ἡμέτερα</em></span> <span class='ocrx_word' id='word_1_151' title='bbox 668 2185 802 2268; x_wconf 82' lang='grc' dir='ltr'><em>σώματα</em></span> <span class='ocrx_word' id='word_1_152' title='bbox 829 2187 973 2269; x_wconf 84' lang='grc' dir='ltr'><em>τυχόντα</em></span> <span class='ocrx_word' id='word_1_153' title='bbox 1001 2188 1126 2270; x_wconf 85' lang='grc' dir='ltr'><em>χρηστά</em></span> <span class='ocrx_word' id='word_1_154' title='bbox 1154 2186 1197 2252; x_wconf 85' lang='grc' dir='ltr'><em>ἀν</em></span> 
     </span>
     <span class='ocr_line' id='line_1_20' title="bbox 182 2286 1223 2384; baseline 0.007 -33"><span class='ocrx_word' id='word_1_155' title='bbox 182 2293 248 2370; x_wconf 72' lang='grc' dir='ltr'><em>εἴη,</em></span> <span class='ocrx_word' id='word_1_156' title='bbox 277 2286 410 2366; x_wconf 85' lang='grc' dir='ltr'><em>ἀταξίας</em></span> <span class='ocrx_word' id='word_1_157' title='bbox 434 2287 471 2354; x_wconf 74' lang='grc' dir='ltr'><em>δὲ</em></span> <span class='ocrx_word' id='word_1_158' title='bbox 493 2291 664 2376; x_wconf 85' lang='grc' dir='ltr'><em>μοχθηρά,</em></span> <span class='ocrx_word' id='word_1_159' title='bbox 695 2291 800 2368; x_wconf 80' lang='grc' dir='ltr'><em>οὕτως</em></span> <span class='ocrx_word' id='word_1_160' title='bbox 827 2289 883 2356; x_wconf 83' lang='grc' dir='ltr'><em>καὶ</em></span> <span class='ocrx_word' id='word_1_161' title='bbox 905 2291 926 2374; x_wconf 78' lang='grc' dir='ltr'>ἡ</span> <span class='ocrx_word' id='word_1_162' title='bbox 950 2293 1039 2375; x_wconf 74' lang='grc' dir='ltr'><em>ψυχὴ</em></span> <span class='ocrx_word' id='word_1_163' title='bbox 1064 2291 1197 2372; x_wconf 85' lang='grc' dir='ltr'><em>ἀταξίας</em></span> <span class='ocrx_word' id='word_1_164' title='bbox 1217 2371 1223 2384; x_wconf 26' lang='grc' dir='ltr'><em>Ι</em></span> 
     </span>
    </p>

    <p class='ocr_par' dir='ltr' id='par_1_6' title="bbox 142 2391 1329 2907">
     <span class='ocr_line' id='line_1_21' title="bbox 142 2391 1329 2482; baseline 0.005 -25"><span class='ocrx_word' id='word_1_165' title='bbox 142 2412 169 2452; x_wconf 79' lang='grc' dir='ltr'><em>ιο</em></span> <span class='ocrx_word' id='word_1_166' title='bbox 182 2391 243 2478; x_wconf 72' lang='grc' dir='ltr'><em>μὲν</em></span> <span class='ocrx_word' id='word_1_167' title='bbox 265 2403 412 2478; x_wconf 84' lang='grc' dir='ltr'><em>τυχοῦσα</em></span> <span class='ocrx_word' id='word_1_168' title='bbox 435 2398 526 2461; x_wconf 80' lang='grc' dir='ltr'><em>ἔσται</em></span> <span class='ocrx_word' id='word_1_169' title='bbox 548 2397 690 2482; x_wconf 82' lang='grc' dir='ltr'><em>πονηρά,</em></span> <span class='ocrx_word' id='word_1_170' title='bbox 713 2398 836 2482; x_wconf 78' lang='grc' dir='ltr'><em>χρηστὴ</em></span> <span class='ocrx_word' id='word_1_171' title='bbox 862 2393 899 2462; x_wconf 70' lang='grc' dir='ltr'><em>δὲ</em></span> <span class='ocrx_word' id='word_1_172' title='bbox 921 2396 942 2480; x_wconf 77' lang='grc' dir='ltr'><em>ἡ</em></span> <span class='ocrx_word' id='word_1_173' title='bbox 965 2396 1086 2475; x_wconf 84' lang='grc' dir='ltr'><em>τάξεώς</em></span> <span class='ocrx_word' id='word_1_174' title='bbox 1104 2421 1196 2476; x_wconf 91' lang='grc' dir='ltr'><em>τινος</em></span> <span class='ocrx_word' id='word_1_175' title='bbox 1328 2419 1329 2422; x_wconf 71' lang='grc'>’</span> 
     </span>
     <span class='ocr_line' id='line_1_22' title="bbox 181 2497 1194 2590; baseline 0.004 -26"><span class='ocrx_word' id='word_1_176' title='bbox 181 2497 237 2564; x_wconf 81' lang='grc' dir='ltr'><em>καί</em></span> <span class='ocrx_word' id='word_1_177' title='bbox 255 2502 382 2585; x_wconf 89' lang='grc' dir='ltr'><em>κόσμου</em></span> <span class='ocrx_word' id='word_1_178' title='bbox 401 2501 614 2584; x_wconf 79' lang='grc' dir='ltr'><em>ἐπιλαβοῦσα.</em></span> <span class='ocrx_word' id='word_1_179' title='bbox 647 2500 700 2568; x_wconf 82' lang='grc' dir='ltr'><em>ἐπὶ</em></span> <span class='ocrx_word' id='word_1_180' title='bbox 718 2500 780 2587; x_wconf 76' lang='grc' dir='ltr'><em>μὲν</em></span> <span class='ocrx_word' id='word_1_181' title='bbox 798 2497 861 2569; x_wconf 85' lang='grc' dir='ltr'><em>οὖν</em></span> <span class='ocrx_word' id='word_1_182' title='bbox 879 2511 924 2590; x_wconf 75' lang='grc' dir='ltr'><em>τῷ</em></span> <span class='ocrx_word' id='word_1_183' title='bbox 944 2504 1071 2587; x_wconf 83' lang='grc' dir='ltr'><em>σάματι</em></span> <span class='ocrx_word' id='word_1_184' title='bbox 1089 2505 1194 2589; x_wconf 81' lang='grc' dir='ltr'><em>ὄνομά</em></span> 
     </span>
     <span class='ocr_line' id='line_1_23' title="bbox 182 2595 1287 2698; baseline 0 -28"><span class='ocrx_word' id='word_1_185' title='bbox 182 2604 252 2671; x_wconf 80' lang='grc' dir='ltr'><em>ἐστι</em></span> <span class='ocrx_word' id='word_1_186' title='bbox 274 2614 319 2693; x_wconf 73' lang='grc' dir='ltr'><em>τῷ</em></span> <span class='ocrx_word' id='word_1_187' title='bbox 344 2606 380 2672; x_wconf 77' lang='grc' dir='ltr'><em>ἐκ</em></span> <span class='ocrx_word' id='word_1_188' title='bbox 406 2615 465 2690; x_wconf 76' lang='grc' dir='ltr'><em>τῆς</em></span> <span class='ocrx_word' id='word_1_189' title='bbox 485 2607 606 2685; x_wconf 83' lang='grc' dir='ltr'><em>τάξεώς</em></span> <span class='ocrx_word' id='word_1_190' title='bbox 628 2631 664 2673; x_wconf 85' lang='grc' dir='ltr'><em>τε</em></span> <span class='ocrx_word' id='word_1_191' title='bbox 690 2595 746 2673; x_wconf 76' lang='grc' dir='ltr'><em>καί</em></span> <span class='ocrx_word' id='word_1_192' title='bbox 772 2616 833 2672; x_wconf 92' lang='grc' dir='ltr'><em>τοῦ</em></span> <span class='ocrx_word' id='word_1_193' title='bbox 855 2610 982 2691; x_wconf 88' lang='grc' dir='ltr'><em>κόσμον</em></span> <span class='ocrx_word' id='word_1_194' title='bbox 1005 2609 1193 2698; x_wconf 77' lang='grc' dir='ltr'><em>γιγνομένῳ</em></span> <span class='ocrx_word' id='word_1_195' title='bbox 1209 2629 1287 2671; x_wconf 82' lang='lat' dir='ltr'>105A.</span> 
     </span>
     <span class='ocr_line' id='line_1_24' title="bbox 181 2709 1194 2805; baseline 0.005 -29"><span class='ocrx_word' id='word_1_196' title='bbox 181 2711 292 2795; x_wconf 82' lang='grc' dir='ltr'><em>ὑγεία,</em></span> <span class='ocrx_word' id='word_1_197' title='bbox 321 2712 426 2796; x_wconf 80' lang='grc' dir='ltr'><em>ἰσχάς·</em></span> <span class='ocrx_word' id='word_1_198' title='bbox 455 2710 507 2777; x_wconf 75' lang='grc' dir='ltr'><em>ἐπὶ</em></span> <span class='ocrx_word' id='word_1_199' title='bbox 536 2709 573 2778; x_wconf 72' lang='grc' dir='ltr'><em>δὲ</em></span> <span class='ocrx_word' id='word_1_200' title='bbox 596 2709 639 2779; x_wconf 87' lang='grc' dir='ltr'><em>αὖ</em></span> <span class='ocrx_word' id='word_1_201' title='bbox 663 2723 708 2803; x_wconf 70' lang='grc' dir='ltr'><em>τῷ</em></span> <span class='ocrx_word' id='word_1_202' title='bbox 733 2713 770 2779; x_wconf 79' lang='grc' dir='ltr'><em>ἐν</em></span> <span class='ocrx_word' id='word_1_203' title='bbox 792 2723 831 2799; x_wconf 73' lang='grc' dir='ltr'><em>τῇ</em></span> <span class='ocrx_word' id='word_1_204' title='bbox 855 2721 944 2799; x_wconf 75' lang='grc' dir='ltr'><em>ψυχῇ</em></span> <span class='ocrx_word' id='word_1_205' title='bbox 968 2714 1194 2805; x_wconf 79' lang='grc' dir='ltr'><em>ἐγγιγνομένςο</em></span> 
     </span>
     <span class='ocr_line' id='line_1_25' title="bbox 181 2815 1196 2907; baseline 0.008 -27"><span class='ocrx_word' id='word_1_206' title='bbox 181 2815 218 2881; x_wconf 80' lang='grc' dir='ltr'><em>ἐκ</em></span> <span class='ocrx_word' id='word_1_207' title='bbox 240 2825 298 2900; x_wconf 81' lang='grc' dir='ltr'><em>τῆς</em></span> <span class='ocrx_word' id='word_1_208' title='bbox 324 2816 445 2895; x_wconf 82' lang='grc' dir='ltr'><em>τάξεως</em></span> <span class='ocrx_word' id='word_1_209' title='bbox 471 2816 608 2885; x_wconf 80' lang='grc' dir='ltr'><em>καὶ-τοῦ</em></span> <span class='ocrx_word' id='word_1_210' title='bbox 636 2822 763 2905; x_wconf 89' lang='grc' dir='ltr'><em>κόσμον</em></span> <span class='ocrx_word' id='word_1_211' title='bbox 786 2822 929 2905; x_wconf 90' lang='grc' dir='ltr'><em>νόμιμόν</em></span> <span class='ocrx_word' id='word_1_212' title='bbox 951 2844 987 2886; x_wconf 86' lang='grc' dir='ltr'><em>τε</em></span> <span class='ocrx_word' id='word_1_213' title='bbox 1015 2819 1070 2886; x_wconf 80' lang='grc' dir='ltr'><em>καὶ</em></span> <span class='ocrx_word' id='word_1_214' title='bbox 1092 2825 1196 2907; x_wconf 91' lang='grc' dir='ltr'><em>νόμος</em></span> 
     </span>
    </p>

    <p class='ocr_par' dir='ltr' id='par_1_7' title="bbox 141 2924 1195 3224">
     <span class='ocr_line' id='line_1_26' title="bbox 141 2924 1195 3011; baseline 0.011 -30"><span class='ocrx_word' id='word_1_215' title='bbox 141 2939 167 2981; x_wconf 77' lang='grc' dir='ltr'><em>ιι</em></span> <span class='ocrx_word' id='word_1_216' title='bbox 181 2924 289 3007; x_wconf 72' lang='grc' dir='ltr'><em>ὄνομα</em></span> <span class='ocrx_word' id='word_1_217' title='bbox 310 2934 423 2988; x_wconf 78' lang='grc' dir='ltr'><em>κεῖται.</em></span> <span class='ocrx_word' id='word_1_218' title='bbox 460 2924 570 3010; x_wconf 82' lang='grc' dir='ltr'><em>ὥσπερ</em></span> <span class='ocrx_word' id='word_1_219' title='bbox 588 2927 652 3011; x_wconf 87' lang='grc' dir='ltr'><em>γάρ</em></span> <span class='ocrx_word' id='word_1_220' title='bbox 672 2925 724 2991; x_wconf 81' lang='grc' dir='ltr'><em>ἐπὶ</em></span> <span class='ocrx_word' id='word_1_221' title='bbox 742 2937 814 3004; x_wconf 81' lang='grc' dir='ltr'><em>ταῖς</em></span> <span class='ocrx_word' id='word_1_222' title='bbox 832 2934 893 2990; x_wconf 87' lang='grc' dir='ltr'><em>τοῦ</em></span> <span class='ocrx_word' id='word_1_223' title='bbox 912 2927 1063 3010; x_wconf 85' lang='grc' dir='ltr'><em>σώματος</em></span> <span class='ocrx_word' id='word_1_224' title='bbox 1085 2929 1195 3008; x_wconf 88' lang='grc' dir='ltr'><em>τάξεσι</em></span> 
     </span>
     <span class='ocr_line' id='line_1_27' title="bbox 180 3028 1195 3120; baseline 0.006 -27"><span class='ocrx_word' id='word_1_225' title='bbox 180 3035 218 3094; x_wconf 80' lang='grc' dir='ltr'><em>τὸ</em></span> <span class='ocrx_word' id='word_1_226' title='bbox 237 3029 387 3113; x_wconf 85' lang='grc' dir='ltr'><em>ὑγιεινὸν</em></span> <span class='ocrx_word' id='word_1_227' title='bbox 406 3029 621 3116; x_wconf 86' lang='grc' dir='ltr'><em>ἀποδίδομεν,</em></span> <span class='ocrx_word' id='word_1_228' title='bbox 641 3031 674 3111; x_wconf 78' lang='grc' dir='ltr'><em>ἐξ</em></span> <span class='ocrx_word' id='word_1_229' title='bbox 694 3028 735 3098; x_wconf 85' lang='grc' dir='ltr'><em>οὗ</em></span> <span class='ocrx_word' id='word_1_230' title='bbox 755 3031 791 3098; x_wconf 83' lang='grc' dir='ltr'><em>ἐν</em></span> <span class='ocrx_word' id='word_1_231' title='bbox 810 3032 899 3120; x_wconf 74' lang='grc' dir='ltr'><em>αὐτῷ</em></span> <span class='ocrx_word' id='word_1_232' title='bbox 919 3033 1029 3116; x_wconf 90' lang='grc' dir='ltr'><em>ὑγίεια</em></span> <span class='ocrx_word' id='word_1_233' title='bbox 1046 3036 1195 3118; x_wconf 85' lang='grc' dir='ltr'><em>γίγνεται</em></span> 
     </span>
     <span class='ocr_line' id='line_1_28' title="bbox 180 3134 1195 3224; baseline 0.005 -24"><span class='ocrx_word' id='word_1_234' title='bbox 180 3134 236 3201; x_wconf 83' lang='grc' dir='ltr'><em>καὶ</em></span> <span class='ocrx_word' id='word_1_235' title='bbox 268 3138 349 3219; x_wconf 81' lang='grc' dir='ltr'><em>άλλη</em></span> <span class='ocrx_word' id='word_1_236' title='bbox 383 3135 481 3222; x_wconf 75' lang='grc' dir='ltr'><em>ἀρετὴ</em></span> <span class='ocrx_word' id='word_1_237' title='bbox 514 3147 575 3204; x_wconf 86' lang='grc' dir='ltr'><em>τοῦ</em></span> <span class='ocrx_word' id='word_1_238' title='bbox 608 3139 772 3224; x_wconf 82' lang='grc' dir='ltr'><em>σώματος,</em></span> <span class='ocrx_word' id='word_1_239' title='bbox 811 3139 917 3216; x_wconf 77' lang='grc' dir='ltr'><em>οὕτως</em></span> <span class='ocrx_word' id='word_1_240' title='bbox 948 3136 1002 3205; x_wconf 80' lang='grc' dir='ltr'><em>ἐπὶ</em></span> <span class='ocrx_word' id='word_1_241' title='bbox 1033 3149 1105 3216; x_wconf 76' lang='grc' dir='ltr'><em>ταῖς</em></span> <span class='ocrx_word' id='word_1_242' title='bbox 1136 3148 1195 3224; x_wconf 76' lang='grc' dir='ltr'><em>τῆς</em></span> 
     </span>
    </p>
   </div>
   <div class='ocr_carea' id='block_1_3' title="bbox 181 3293 1196 3435">
    <p class='ocr_par' dir='ltr' id='par_1_8' title="bbox 181 3293 1196 3435">
     <span class='ocr_line' id='line_1_29' title="bbox 271 3293 1196 3365; baseline 0.005 -20"><span class='ocrx_word' id='word_1_243' title='bbox 271 3298 312 3346; x_wconf 87' lang='grc'><em>17.</em></span> <span class='ocrx_word' id='word_1_244' title='bbox 326 3311 352 3362; x_wconf 87' lang='lat' dir='ltr'><em>p.</em></span> <span class='ocrx_word' id='word_1_245' title='bbox 369 3299 412 3360; x_wconf 79' lang='lat'><em>87,</em></span> <span class='ocrx_word' id='word_1_246' title='bbox 427 3299 461 3347; x_wconf 79' lang='lat'><em>29</em></span> <span class='ocrx_word' id='word_1_247' title='bbox 476 3293 549 3348; x_wconf 73' lang='lat' dir='ltr'><strong>Plat.</strong></span> <span class='ocrx_word' id='word_1_248' title='bbox 564 3294 648 3364; x_wconf 85' lang='lat' dir='ltr'><strong>Gorg.</strong></span> <span class='ocrx_word' id='word_1_249' title='bbox 663 3314 692 3365; x_wconf 87' lang='lat' dir='ltr'><em>p.</em></span> <span class='ocrx_word' id='word_1_250' title='bbox 707 3301 760 3350; x_wconf 82' lang='lat'><em>504</em></span> <span class='ocrx_word' id='word_1_251' title='bbox 770 3295 884 3349; x_wconf 81' lang='lat' dir='ltr'><strong>A-505</strong></span> <span class='ocrx_word' id='word_1_252' title='bbox 894 3295 930 3362; x_wconf 87' lang='lat' dir='ltr'><em>B;</em></span> <span class='ocrx_word' id='word_1_253' title='bbox 948 3297 997 3350; x_wconf 80' lang='lat' dir='ltr'><em>sed</em></span> <span class='ocrx_word' id='word_1_254' title='bbox 1013 3301 1055 3362; x_wconf 75' lang='lat'><em>87,</em></span> <span class='ocrx_word' id='word_1_255' title='bbox 1071 3301 1138 3365; x_wconf 82' lang='lat' dir='ltr'><strong>3sq.</strong></span> <span class='ocrx_word' id='word_1_256' title='bbox 1154 3295 1196 3359; x_wconf 83' lang='grc' dir='ltr'><em>οἷς</em></span> 
     </span>
     <span class='ocr_line' id='line_1_30' title="bbox 181 3362 949 3435; baseline 0.009 -22"><span class='ocrx_word' id='word_1_257' title='bbox 181 3392 215 3400; x_wconf 96' lang='grc'><strong>-</strong></span> <span class='ocrx_word' id='word_1_258' title='bbox 234 3363 328 3430; x_wconf 75' lang='grc' dir='ltr'><em>ψυχῆς</em></span> <span class='ocrx_word' id='word_1_259' title='bbox 346 3379 380 3416; x_wconf 84' lang='lat' dir='ltr'><em>ex</em></span> <span class='ocrx_word' id='word_1_260' title='bbox 397 3362 540 3418; x_wconf 78' lang='lat' dir='ltr'><strong>Phaedon.</strong></span> <span class='ocrx_word' id='word_1_261' title='bbox 556 3383 582 3433; x_wconf 87' lang='lat' dir='ltr'><em>p.</em></span> <span class='ocrx_word' id='word_1_262' title='bbox 599 3367 666 3420; x_wconf 76' lang='lat'>821)</span> <span class='ocrx_word' id='word_1_263' title='bbox 686 3368 782 3435; x_wconf 78' lang='lat' dir='ltr'><strong>(supra</strong></span> <span class='ocrx_word' id='word_1_264' title='bbox 795 3385 822 3435; x_wconf 89' lang='lat' dir='ltr'><em>p.</em></span> <span class='ocrx_word' id='word_1_265' title='bbox 839 3372 881 3432; x_wconf 79' lang='grc'><em>67,</em></span> <span class='ocrx_word' id='word_1_266' title='bbox 896 3368 949 3434; x_wconf 81' lang='lat'>28).</span> 
     </span>
    </p>
   </div>
   <div class='ocr_carea' id='block_1_4' title="bbox 180 3463 394 3472">
    <p class='ocr_par' dir='ltr' id='par_1_9' title="bbox 180 3463 394 3472">
     <span class='ocr_line' id='line_1_31' title="bbox 180 3463 394 3472; baseline 0.019 -4"><span class='ocrx_word' id='word_1_267' title='bbox 180 3463 394 3472; x_wconf 75' lang='lat'><em>——-</em></span> 
     </span>
    </p>
   </div>
   <div class='ocr_carea' id='block_1_5' title="bbox 176 3499 1195 3647">
    <p class='ocr_par' dir='ltr' id='par_1_10' title="bbox 176 3499 1195 3647">
     <span class='ocr_line' id='line_1_32' title="bbox 271 3499 1195 3576; baseline 0.009 -22"><span class='ocrx_word' id='word_1_268' title='bbox 271 3506 304 3555; x_wconf 77' lang='lat'><em>13</em></span> <span class='ocrx_word' id='word_1_269' title='bbox 315 3519 356 3570; x_wconf 77' lang='lat' dir='ltr'><em>sq.</em></span> <span class='ocrx_word' id='word_1_270' title='bbox 376 3499 556 3572; x_wconf 79' lang='grc' dir='ltr'><em>ἀσυμμέτρως</em></span> <span class='ocrx_word' id='word_1_271' title='bbox 573 3505 602 3558; x_wconf 75' lang='lat' dir='ltr'><em>et</em></span> <span class='ocrx_word' id='word_1_272' title='bbox 616 3500 770 3559; x_wconf 85' lang='grc' dir='ltr'><em>ἀπόλλυσιν</em></span> <span class='ocrx_word' id='word_1_273' title='bbox 785 3505 884 3560; x_wconf 70' lang='lat' dir='ltr'>Cobet:</span> <span class='ocrx_word' id='word_1_274' title='bbox 904 3505 1066 3576; x_wconf 78' lang='grc' dir='ltr'><em>συμμέτρως</em></span> <span class='ocrx_word' id='word_1_275' title='bbox 1080 3511 1109 3562; x_wconf 79' lang='lat' dir='ltr'><em>et</em></span> <span class='ocrx_word' id='word_1_276' title='bbox 1123 3503 1195 3562; x_wconf 87' lang='grc' dir='ltr'><em>ἀπό-</em></span> 
     </span>
     <span class='ocr_line' id='line_1_33' title="bbox 176 3567 1101 3647; baseline 0.009 -23"><span class='ocrx_word' id='word_1_277' title='bbox 176 3574 277 3624; x_wconf 84' lang='grc' dir='ltr'><em>λαυσιν</em></span> <span class='ocrx_word' id='word_1_278' title='bbox 292 3572 302 3639; x_wconf 74' lang='grc' dir='ltr'><em>ΙΙ</em></span> <span class='ocrx_word' id='word_1_279' title='bbox 316 3577 350 3625; x_wconf 83' lang='grc'><em>26</em></span> <span class='ocrx_word' id='word_1_280' title='bbox 368 3567 386 3640; x_wconf 83' lang='grc' dir='ltr'>ἡ</span> <span class='ocrx_word' id='word_1_281' title='bbox 405 3569 500 3640; x_wconf 74' lang='grc' dir='ltr'><em>ὑγίεια</em></span> <span class='ocrx_word' id='word_1_282' title='bbox 520 3590 553 3626; x_wconf 84' lang='lat' dir='ltr'><em>ex</em></span> <span class='ocrx_word' id='word_1_283' title='bbox 572 3589 667 3643; x_wconf 77' lang='lat' dir='ltr'><strong>apogr.</strong></span> <span class='ocrx_word' id='word_1_284' title='bbox 688 3575 744 3630; x_wconf 79' lang='lat' dir='ltr'>oiz.</span> <span class='ocrx_word' id='word_1_285' title='bbox 763 3575 811 3644; x_wconf 87' lang='grc' dir='ltr'><em>ΚΙΙ</em></span> <span class='ocrx_word' id='word_1_286' title='bbox 824 3582 859 3630; x_wconf 79' lang='lat'><em>27</em></span> <span class='ocrx_word' id='word_1_287' title='bbox 878 3577 927 3631; x_wconf 78' lang='grc' dir='ltr'><em>καὶ</em></span> <span class='ocrx_word' id='word_1_288' title='bbox 945 3574 962 3646; x_wconf 83' lang='grc' dir='ltr'>ἡ</span> <span class='ocrx_word' id='word_1_289' title='bbox 983 3574 1052 3647; x_wconf 83' lang='grc' dir='ltr'><em>άλλη</em></span> <span class='ocrx_word' id='word_1_290' title='bbox 1071 3577 1101 3632; x_wconf 93' lang='grc' dir='ltr'><em>Ρ.</em></span> 
     </span>
    </p>
   </div>
   <div class='ocr_carea' id='block_1_6' title="bbox 0 0 1340 3932">
    <p class='ocr_par' dir='ltr' id='par_1_11' title="bbox 0 0 1340 3932">
     <span class='ocr_line' id='line_1_34' title="bbox 0 0 1340 3932; baseline 0 0"><span class='ocrx_word' id='word_1_291' title='bbox 0 0 1340 3932; x_wconf 95' lang='lat' dir='ltr'><em> </em></span> 
     </span>
    </p>
   </div>
  </div>
 </body>
</html>
