2674 3932
165 210 209 273 22
574 206 766 261 IAMBLICHI

166 369 265 458 μέρος
287 372 349 454 την
373 368 543 454 ἐνέργειαν
562 368 673 452 αὐτῆς,
697 367 780 434 ἀλλὰ
802 375 899 452 κοινῇ
923 369 1050 450 διήκειν
1074 364 1179 450 φησὶν

167 475 219 544 ἐπὶ
242 477 349 542 πάντα
371 477 412 540 τὰ
430 477 521 557 ὄντα,
545 475 603 551 τίς
621 497 656 539 τε
675 473 777 558 ἀρχὰς
793 475 852 551 τὰς
872 475 987 550 κοινδις
1004 483 1072 538 τῶν
1091 473 1179 563 ὅλων

93 647 94 650 ,
167 581 271 668 φησὶν
295 583 400 666 αὐτὴν
420 581 609 646 ἐπισκοπεῖν
632 577 687 645 καὶ
709 581 792 660 κατὰ
810 578 891 663 γένη
910 588 1012 644 ταῦτα
1035 585 1179 664 θεωρεῖν

166 687 222 754 καλ
249 689 331 753 κατὰ
360 687 587 763 ἁπλουσνίτας
616 686 785 771 ἐπιβολάς,
819 686 928 770 ὥσπερ
958 685 978 768 ἡ
1008 686 1084 763 ὄψις
1110 693 1180 760 τοῖς

136 813 153 880 ι
168 793 300 881 ὁρατοῖς
328 793 511 877 ἐπιβάλλει,
543 792 622 868 τούς
653 814 687 857 τε
715 771 872 857 καθόλου
896 793 1016 875 λόγους
1045 791 1180 855 πάντων

167 899 273 986 φησὶν
296 900 401 983 αὐτὴν
425 896 605 984 περιέχειν,
636 895 691 963 καί
719 897 802 984 πρὸς
829 898 936 985 τούτῳ
959 904 1102 982 θεωρεῖν
1125 893 1180 960 καλ

168 1008 430 1089 διαλογίζεσθαι·
462 1003 570 1090 μόνην
603 999 640 1068 δέ
671 1001 731 1092 καὶ,
758 1002 971 1068 ἀνυπόδικον
998 998 1084 1067 εἶναι
1112 1002 1180 1067 ἐπι-

102 1121 106 1130 “
167 1113 310 1196 στήμην,
341 1111 397 1176 ἅτε
425 1112 467 1193 δη
495 1120 562 1175 τῶν
590 1111 705 1174 ὄντων·
721 1109 856 1173 πάντων
878 1109 936 1185 τὰς
959 1107 1061 1193 ἀρχὰς
1084 1108 1180 1174 ἀνευ-

168 1221 350 1303 ρίσκουσαν
378 1213 433 1281 καὶ
461 1214 626 1301 περὶτῶν
650 1218 781 1281 οἰκείων
806 1213 922 1298 ἑαυτῆς
945 1209 1056 1300 ἀρχῶν
1080 1217 1180 1279 δυνα-

128 1343 154 1383 1⁰
168 1313 272 1408 μένην
309 1325 411 1407 λόγον
449 1324 590 1389 διδόναι.
642 1325 688 1399 είς
723 1323 827 1387 καλὸν
858 1323 922 1408 ἄρα
954 1324 1129 1405 συμβαίνει
1158 1322 1179 1405 ἡ

168 1432 291 1515 ἔφοδος
322 1438 379 1513 τῆς
411 1438 614 1515 προτροπῆς·
647 1431 678 1493 ελ
702 1429 765 1513 γὰρ
793 1437 851 1512 τῆς
876 1429 1032 1511 τοιαύτης
1052 1432 1180 1512 σοφίας

168 1537 244 1602 οὔτε
267 1534 538 1622 καθολικωτέραν
558 1536 634 1600 οὔτε
657 1533 863 1621 τελειοτέραν
882 1534 960 1599 οὔτε
983 1533 1178 1619 κοινοτέραν
1193 1551 1255 1592 σιΚ.

168 1643 245 1708 οὔτε
268 1642 532 1728 αὐταρκεστέραν
556 1643 632 1726 οὔτε
656 1640 995 1726 ἀγαθοειδεστέρανῆ
1019 1643 1181 1706 καλλίονα

169 1750 315 1814 δυνατὸν
343 1755 490 1836 λογισμῷ
520 1752 651 1832 λαβεῖν,
682 1751 803 1832 ταύτης
831 1748 987 1833 ἐφίεσθαι
1013 1747 1075 1832 χρὴ
1104 1749 1182 1823 τοὺς

129 1872 155 1913 1⁶
169 1853 397 1939 βουλομένους
419 1856 501 1920 κατὰ
524 1858 627 1937 λόγον
649 1852 703 1919 καί
726 1863 811 1920 νοῦν
835 1853 1057 1937 εὐδαιμονεῖν.

173 1977 175 1982 ’
197 1973 200 1978 “
217 1955 219 1958 ’
254 1955 312 2025 Ἐν
325 1969 370 2047 τῷ
386 1960 471 2026 τέλει
484 1964 601 2025 τοίνυν
616 1962 698 2044 πρὸς
711 1960 791 2026 αὐτὸ
805 1961 842 2024 τὸ
858 1959 1039 2046 ἀκρότατον
1053 1960 1182 2024 ἄνεισιν

114 2141 116 2146 ¹
167 2065 412 2151 ἡπαροίκλησις
431 2061 498 2131 ὧδέ
512 2086 594 2144 πως·
614 2065 738 2143 ξὅστις
757 2063 809 2132 ὦν
828 2067 1021 2131 ἀναλῦσαι
1041 2057 1184 2142 οἷόςτέ
1196 2081 1256 2123 εοι.
1325 2045 1326 2062 ¹

168 2171 250 2236 ἐντι
273 2173 406 2244 ποίνταΙ
420 2173 464 2237 τὰ
486 2172 602 2260 γένεα
620 2171 695 2237 ὑπὸ
714 2175 807 2258 μίαν
826 2196 865 2238 τε
888 2170 952 2238 καὶ
969 2171 1040 2236 τδν
1059 2171 1181 2236 αὐτοῖν

112 2315 114 2319 f
168 2277 291 2362 ἀρχὰν
322 2275 386 2343 καὶ
422 2280 541 2344 πάλιν
574 2282 792 2344 συνδείναί
818 2302 859 2344 τε
890 2277 954 2344 καὶ
987 2285 1182 2363 συναριθ-

128 2383 405 2469 ιομήσασδαι,
443 2381 568 2462 οὗτος
605 2387 726 2450 δοκεῖ
760 2409 825 2470 μοι
856 2383 921 2451 καὶ
952 2385 1182 2468 σοφώτατος

167 2485 264 2574 ἦμεν
296 2487 359 2554 καί
392 2489 761 2574 παναλαδέστανος,
799 2494 855 2556 ἐτι
894 2487 935 2556 δέ
965 2487 1029 2556 καὶ
1060 2490 1182 2554 καλδν
1325 2573 1326 2576 ¹

168 2613 285 2661 σκοπι
291 2597 337 2662 διν
370 2596 647 2683 εὑρηκέναι,’
630 2595 692 2682 αφ’
724 2592 770 2674 ας
802 2598 971 2674 δυνατὸς
1003 2597 1182 2662 ἐσσεῖται
1291 2637 1292 2640 =
1325 2653 1326 2668 ,

140 2704 235 2767 τὸν
276 2705 376 2767 θεὸν
412 2709 677 2781 κατοψεῖσδαι
713 2701 779 2768 καί
815 2705 941 2768 πάντα
977 2705 1022 2768 τὰ
1059 2703 1100 2768 ἐν
1136 2709 1183 2788 τᾷ

159 2811 376 2895 συστοιχίᾳ
413 2808 476 2873 καὶ
512 2807 621 2886 τάξει
657 2815 702 2895 τᾷ
740 2807 877 2874 ἐκείνω
918 2830 1182 2892 κατακεχωρι-

128 2912 308 2998 ιισμίνα,
338 2912 403 2979 καί
430 2915 577 2980 ταύταν
601 2913 881 2999 ἁρματήλατον
905 2914 1001 2980 ὁδὸν
1024 2914 1180 3000 ἐκπορι-
1195 2930 1259 2969 601<
1325 2923 1326 2988 ζ

258 3113 299 3161 17.
319 3111 354 3161 24
373 3102 447 3169 ὅστις
466 3098 558 3160 dv-
578 3102 842 3176 κατακεχωρισμὲνα
860 3103 1019 3161 Pericffione
1038 3103 1099 3160 l..'o
1196 3163 1200 3170 ,

258 3284 375 3338 θτουτο
398 3283 461 3338 fort.
485 3285 560 3337 recte
583 3283 616 3352 K,
639 3283 734 3337 nescio
757 3284 832 3338 unde
854 3283 863 3351 ΙΙ
887 3287 902 3335 7
925 3277 1038 3406 προίτην
1057 3280 1155 3336 Vitelli

126 3371 128 3376 ·
170 3361 202 3410 17
222 3373 297 3416 οσιις
316 3346 379 3441 mv]l
385 3354 452 3408 hino
470 3369 573 3407 novum
593 3357 678 3434 caput
696 3352 755 3422 (IV)
772 3347 904 3442 ἱιιΑΙΙτ’
926 3350 1035 3408 MK:
1055 3373 1085 3408 τε
1080 3347 1160 3407 ’ἐστι

170 3430 203 3479 19
218 3443 289 3479 σννα
291 3423 489 3510 ρνδμοίσασθαι
500 3423 652 3479 οοιιιεοίλΚ
666 3426 675 3494 ΙΙ
689 3430 721 3478 21
737 3422 990 3486 παναλαδέστατος
1000 3424 1082 3480 Gale·
1092 3444 1181 3478 πανα-

168 3495 340 3562 ληδίστατος
358 3495 379 3581 ΙΙ
386 3500 421 3548 24
439 3515 474 3547 τα
492 3513 502 3547 ι
476 3493 700 3576 ξΜιιΙΙειοῙιλΠ
719 3513 746 3564 p.
766 3497 811 3564 33)
834 3488 879 3563 ΙΙέ
882 3491 1057 3550 κεί.νωΚέ
1059 3497 1155 3549 κείνου
1173 3493 1183 3565 β

169 3571 209 3625 25
223 3563 330 3619 ταύταν
348 3562 401 3618 ’τὰν
420 3562 454 3634 Κ,
472 3563 566 3619 nescio
585 3566 666 3620 unde
