2670 3932
435 198 709 256 PROTREPTICUS
729 201 763 268 (ι.
778 198 848 268 εει).
1106 198 1148 264 ςτ

135 365 372 451 ὀλιγοχρονίως
391 360 443 428 ἐπὶ
466 360 559 438 τέλος
582 361 730 446 ἀγαγεῖν,
755 360 838 426 ἀλλὰ
861 364 1097 447 συντραφῆναί
1115 383 1151 426 τε

135 470 218 556 αὐτῇ
243 465 367 535 δεῖκαὶ
386 466 641 553 συναυξηθηναι
658 476 726 532 τῶν
745 463 807 552 μὲν
826 468 1021 551 εἰργόμενον
1039 478 1150 532 κακῶν

135 574 190 642 καὶ
213 578 323 660 λόγων
346 573 402 640 καὶ
423 575 535 657 ἠθῶν,
565 574 606 639 τά
635 571 665 638 δ’
693 573 931 657 ἐπιτηδεύοντα
957 570 1014 638 καὶ
1037 595 1151 657 κατερ-

134 683 319 767 γαζόμενον
350 683 415 747 σὺν
442 685 555 766 πολλῷ
583 681 694 768 χρόνῳ
716 676 772 744 καὶ
796 677 971 766 ἐπιμελείᾳ.
1019 678 1086 762 ἅμα
1115 677 1154 744 δέ

113 808 185 865 ’τις
215 786 271 853 καὶ
304 796 343 873 τῇ
376 785 410 866 ἐξ
442 786 560 870 ὀλίγου
591 788 717 872 χρόνου
750 785 885 873 εὐδοξίᾳ
916 787 1179 871 προσγίγνεταιε

136 894 242 977 βλάβη
275 894 403 958 τοιάδε·
439 896 518 970 τοὺς
548 893 613 976 γάρ
650 889 847 969 ἐξαπιναίως
882 887 938 955 καὶ
970 889 1003 969 ἐξ
1035 890 1153 974 ὀλίγον

136 1002 262 1085 χρόνου
284 999 305 1083 ἀλ
327 1001 510 1076 πλουσίους
531 997 553 1082 ἢ
577 1000 705 1083 σοφοὺς
723 996 743 1081 ἣ
763 996 914 1081 ἀγαθοὺς
932 995 954 1081 ἢ
977 996 1154 1082 ἀνδρείους

107 1111 109 1116 ’
136 1104 340 1189 γενομένους
368 1106 430 1171 οὐκ
456 1103 677 1190 ἀποδέχονται
700 1102 808 1188 ἡδέως
837 1104 873 1170 οί
897 1104 1082 1190 ἅνθρωποι.
1125 1105 1156 1169 εί

138 1213 179 1294 δὴ
204 1220 307 1276 ταῦτα
330 1211 440 1296 ἀληθῆ
464 1210 620 1296 λέγομεν,
643 1207 698 1275 καί
722 1210 783 1294 οὐχ
808 1202 939 1276 οἷόντε
962 1211 1070 1288 άλλως
1092 1211 1154 1294 την

47 1341 87 1380 119
96 1336 125 1378 Α.
140 1317 318 1401 ὁμοιότητα
342 1328 409 1382 τῶν
427 1317 524 1401 ἠθῶν
546 1314 601 1382 καὶ
618 1318 656 1381 τὸ
680 1316 818 1400 βέβαιον
836 1315 892 1382 καὶ
909 1319 947 1382 τὸ
967 1316 1154 1403 ἀμετάπτω-
1169 1337 1194 1376 ιο

139 1447 199 1490 τον
219 1426 487 1510 παραγίγνεσθαι
505 1423 525 1507 ἣ
546 1423 602 1488 διά
621 1425 726 1508 μόνης
745 1426 959 1508 φιλοσοφίας,
982 1421 1154 1489 καὶτοῦτο

140 1527 245 1615 σαφές
267 1529 406 1614 γέγονεν
429 1530 465 1596 ἐκ
492 1530 637 1612 τούτων,
661 1529 716 1612 ὡς,
741 1531 772 1595 εί
793 1532 1000 1614 βουλοίμεθα
1024 1531 1156 1604 τελείως

140 1634 264 1721 ἀγαθοὶ
293 1633 454 1719 γενέσθαι
481 1635 629 1710 εὐκλείας
658 1656 694 1698 τε
721 1632 776 1699 καὶ
805 1634 1021 1718 εὐδαιμονίας
1052 1634 1156 1710 ὅντως

140 1744 348 1828 μεταλαβεῖν,
368 1741 429 1806 οὐκ
448 1741 528 1806 ἀλλο
545 1763 578 1804 τι
591 1737 756 1826 πρακτέον
770 1739 850 1824 ἡμῖν
863 1739 884 1824 ἣ
898 1737 1156 1824 φιλοσοφητέον.

221 1847 294 1913 Ἔτι
324 1848 443 1912 τοίνυν
472 1844 528 1913 καὶ
559 1845 619 1930 ἥδε
647 1845 667 1930 η
697 1849 891 1932 παραίνεσις
921 1844 974 1911 ἐπὶ
1003 1847 1041 1912 τὸ
1075 1844 1156 1911 αὐτὸ
1172 1865 1197 1905 15

44 1940 47 1946 ’
140 1954 235 2033 τέλος
257 1953 363 2039 φέρει,
387 1954 443 2038 ὡς,
467 1953 547 2020 ὅταν
570 1976 620 2030 τις
638 1952 791 2038 ὀρεχθείς
807 1975 901 2030 τινος
921 1961 1020 2018 τοῦτο
1043 1973 1158 2034 κατερ-

141 2061 328 2146 γασάμενος
360 2063 417 2146 ἔχη
450 2060 531 2126 αὐτὸ
564 2061 612 2137 είς
642 2057 751 2143 τέλος,
788 2059 847 2125 ἐάν
882 2082 918 2124 τε
951 2059 1158 2142 εὐγλωσσίαν

4 2163 17 2237 ἰ
143 2166 202 2233 ἐάν
233 2189 268 2231 τε
296 2169 421 2249 σοφίαν
450 2164 509 2231 ἐάν
537 2188 571 2230 τε
605 2167 717 2250 ίσχάν,
750 2167 857 2254 τούτῳ
888 2167 935 2241 είς
962 2164 1075 2249 ἀγαθά
1103 2163 1159 2230 καὶ

143 2274 267 2357 νόμιμα
290 2276 520 2357 καταχρῆσθαι
543 2272 608 2335 δεῖ·
637 2273 668 2334 εί
686 2268 723 2334 δὲ
746 2271 793 2346 είς
811 2270 910 2334 ἀδικά
927 2293 962 2335 τε
980 2268 1036 2335 καὶ
1050 2272 1159 2355 ἀνομα

143 2380 302 2464 χρήσεταί
325 2401 375 2453 τις
402 2384 447 2464 τῷ
473 2375 656 2460 ὑπάρχοντι
680 2374 814 2461 ἀγαθῷ,
841 2375 976 2440 πάντων
1003 2375 1159 2442 κάκιστον
1174 2396 1201 2436 ιο

145 2481 231 2552 εἶναι
258 2487 296 2551 τὸ
320 2491 474 2550 τοιοῦτον
496 2480 552 2548 καὶ
580 2481 712 2547 ἀπεῖναι
738 2491 895 2568 κρεῖσσον
923 2481 1003 2546 αὐτὸ
1030 2481 1050 2566 ἣ
1079 2502 1160 2567 παρ’

55 2611 130 2654 πεοΚ.
145 2603 244 2658 εῖναι·
276 2589 331 2657 καὶ
363 2591 473 2675 ὥσπερ
506 2588 633 2671 ἀγαθὸς
664 2585 782 2665 τελέως
810 2587 827 2653 6
855 2588 984 2652 τούτων
1012 2610 1044 2652 τι
1076 2590 1160 2672 ἔχων

144 2703 292 2784 γίγνεται
326 2699 372 2774 είς
405 2698 445 2762 τά
482 2695 593 2780 ἀγαθά
626 2694 739 2771 αὐτοῖς
769 2695 1035 2782 καταχρώμενος,
1074 2696 1160 2761 οὕτω

146 2807 247 2870 πάλιν
279 2804 446 2887 πάγκακος
478 2801 596 2879 τελέως
624 2801 642 2866 6
674 2803 721 2879 είς
751 2803 791 2867 τδι
822 2803 953 2888 πονηρά
983 2803 1162 2887 χρώμενος.

146 2913 206 2976 τόν
228 2933 263 2975 τε
287 2905 329 2975 αὖ
352 2909 469 2993 ἀρετῆς
496 2907 699 2993 ὀρεγόμενον
721 2917 779 2992 τῆς
806 2909 979 2994 συμπάσης
1002 2909 1160 2976 σκεπτέον
1174 2925 1200 2966 25

149 3011 246 3099 εἶναι,
266 3015 302 3080 ἐκ
320 3018 411 3092 τίνος
429 3013 471 3078 ἀν
486 3016 588 3097 λόγου
607 3013 627 3098 ἢ
644 3017 744 3102 ἔργου
763 3017 897 3100 ἀριστος
919 3020 985 3099 είη·
1012 3024 1162 3093 τοιοῦτος

150 3120 179 3187 δ’
208 3121 250 3186 ἀν
275 3126 324 3204 είη
350 3119 367 3185 6
390 3122 556 3196 πλείστοις
579 3118 746 3204 ὠφέλιμος
769 3122 825 3186 ὥν.
872 3121 904 3185 εί
929 3118 990 3204 μέν
1012 3143 1062 3198 τις
1084 3125 1162 3207 χρή-

149 3252 235 3315 ματα
268 3228 384 3302 διδοὺς
415 3225 621 3311 εὐεργετήσει
653 3230 731 3302 τοὺς
760 3229 918 3310 πλησίον,
951 3226 1162 3311 ἀναγκασθη-

150 3352 241 3400 σεται
272 3335 371 3410 κακὸς
402 3327 488 3397 εἶναι
519 3332 620 3397 πάλιν
652 3327 695 3396 αὖ
728 3330 898 3415 συλλέγων
930 3333 970 3397 τά
1001 3337 1162 3419 χρήματα·

240 3567 274 3616 28
294 3546 435 3631 εὐεργειῆ’
450 3559 459 3630 λλ
473 3566 507 3615 29
527 3555 613 3614 εἶναι·
632 3554 718 3613 πάλιν
738 3551 782 3614 αὖ.

204 3661 338 3700 [mmm
350 3661 484 3703 Ραοαειιιεα.
990 3655 1004 3701 7
