2674 3932
422 218 871 289 PROTREPTICUs(e.1x.x).
1107 219 1151 284 55

51 402 127 445 ποις.
142 404 218 464 μεν,
247 380 368 464 ὁμοίως
399 377 436 445 δὲ
463 379 518 446 καί
544 382 604 446 τὸν
631 381 801 447 πολιτικὸν
825 383 912 465 ἔχειν
934 383 1028 458 τινάς
1050 381 1152 466 ὅρους

142 487 195 550 δεῖ
219 485 283 551 ἀπὸ
310 495 368 570 τῆς
399 487 532 572 φάσεως
564 487 665 570 αὐτῆς
692 484 747 552 καί
778 495 836 571 τῆς
862 485 1035 570 ἀληθείας,
1068 488 1153 571 πρὸς

141 591 200 668 οὓς
222 601 331 677 κρινεῖ
350 595 386 656 τί
411 593 541 658 δίκαιον
569 590 624 658 καί
646 596 681 657 τί
700 596 803 659 καλόν
826 591 882 658 καὶ
908 594 944 657 τί
968 590 1150 678 συμφέρον.

141 697 250 782 ὥσπερ
273 699 337 781 γάρ
360 698 429 763 ἐκεῖ
447 707 515 763 τῶν
534 699 687 784 ὀργάνων
705 707 808 763 ταῦτα
832 695 983 783 διαφέρει
1005 697 1150 781 πάντων,

142 802 228 868 οὕτω
265 803 320 868 καί
356 806 459 888 νόμος
493 804 668 881 κάλλιστος
700 803 718 869 ὁ
751 805 891 889 μάλιστα
927 805 1009 868 κατὰ
1046 803 1178 886 φύσινι

64 927 127 969 eu.
141 910 299 993 κείμενος.
344 918 442 974 τοῦτο
476 904 506 974 δ’
538 910 599 993 οὐχ
631 901 705 975 οἷόν
732 932 766 975 τε
797 910 841 992 μὴ
874 911 1151 993 φιλοσοφήσαντα

142 1014 311 1080 δύνασθαι
333 1023 442 1079 ποιεῖν
465 1011 548 1099 μηδὲ
570 1017 780 1100 γνωρίσαντα
803 1015 864 1098 τὴν
888 1014 1059 1097 ἀλήθειαν.
1096 1012 1151 1078 καί

140 1130 207 1184 τῶν
231 1116 292 1203 μὲν
316 1119 426 1184 ἄλλων
448 1121 636 1204 τεχνῶντά
663 1143 697 1184 τε
721 1122 847 1205 ὄργανα
873 1118 929 1185 καί
956 1122 1035 1196 τοὺς
1062 1124 1152 1202 λογι-

142 1227 247 1309 σμοὺς
268 1228 348 1301 τοὺς
366 1225 621 1309 ἀκριβεστάτους
640 1225 701 1290 οὐκ
718 1222 773 1290 ἀπ’
796 1225 907 1290 αὐτῶν
926 1235 992 1290 των
1009 1225 1151 1310 πρώτων

140 1332 299 1413 λαβόντες
322 1332 441 1415 σχεδὸν
464 1337 591 1414 ίσασιν,
622 1329 693 1397 ἀλλ’
720 1329 784 1395 ἀπὸ
811 1340 879 1395 τῶν
907 1328 1073 1416 δευτέρων
1095 1327 1151 1395 καί
1166 1358 1192 1398 ιο

140 1439 261 1521 τρίτων
288 1435 343 1502 καί
370 1442 578 1519 πολλοστῶν,
607 1436 685 1512 τούς
712 1459 746 1501 τε
774 1439 895 1519 λόγους
919 1433 952 1513 ἐξ
983 1435 1151 1523 ἐμπειρίας

140 1542 360 1625 λαμβάνουσι·
394 1548 439 1628 τιβ
469 1538 506 1606 δὲ
533 1543 709 1628 φιλοσόφῳ
737 1545 829 1628 μόνφ
858 1551 926 1606 τῶν
954 1542 1064 1608 άλλων
1092 1538 1148 1607 ἀπ’

141 1645 341 1711 αὐτῶντῶν
365 1645 511 1730 ἀκριβῶν
532 1645 552 1728 ἡ
576 1649 710 1730 μίμησίς
734 1645 836 1710 ἐστιν·
861 1645 971 1710 αὐτῶν
993 1647 1058 1730 γάρ
1081 1646 1151 1712 ἐστι

140 1755 277 1836 θεατάς,
307 1748 378 1816 ἀλλ’
410 1750 451 1816 οὐ
479 1751 682 1835 μιμημάτων.
728 1751 837 1836 ὥσπερ
866 1745 928 1815 οὖν
958 1747 1031 1816 οὐδ’
1064 1753 1151 1817 οίκο-

142 1859 243 1943 δόμος
266 1858 395 1941 ἀγαθός
417 1856 507 1922 ἐστιν
531 1851 630 1934 οὗτος
647 1857 737 1933 ὅστις
754 1859 872 1922 κανόνι
890 1851 952 1940 μὲν
970 1857 1014 1940 μὴ
1034 1866 1150 1944 χρῆται
1165 1883 1191 1924 ω

6 2046 9 2054 y
141 1962 225 2049 μηδὲ
242 1975 310 2030 τῶν
325 1965 435 2029 ἄλλων
449 1961 568 2048 μηδενὶ
586 1974 653 2028 τῶν
667 1963 829 2028 τοιούτων
844 1962 1007 2049 ὀργάνων,
1028 1961 1152 2048 ἑτέροις

142 2067 179 2135 δὲ
202 2072 442 2154 οἰκοδομήμασι
462 2069 695 2155 παραβάλλων,
719 2068 841 2153 ὁμοίως
864 2075 943 2146 ίσως
965 2069 1027 2134 κάν
1050 2075 1084 2135 εί
1101 2092 1151 2148 τις

52 2175 162 2260 158]σῆ
180 2178 305 2258 νόμους
323 2179 451 2239 τίθεται
469 2173 640 2256 πόλεσινῆ
659 2175 792 2257 πράττει
805 2174 937 2259 πράξεις
954 2173 1150 2258 ἀποβλέπων

140 2276 196 2345 καί
220 2279 423 2363 μιμούμενος
449 2280 532 2363 πρὸς
559 2276 671 2363 ἑτέρας
697 2278 830 2362 πράξεις
857 2278 877 2360 ἢ
900 2282 1067 2356 πολιτείας
1094 2280 1151 2344 άν-

140 2387 316 2472 θρωπίνας
338 2385 614 2468 Λακεδαιμονίων
641 2382 661 2465 ἢ
690 2386 832 2468 Κρητῶν
861 2384 882 2466 ἥ
910 2405 1012 2449 τινων
1040 2385 1150 2450 ἄλλων
1165 2409 1192 2448 ιο

140 2493 314 2573 τοιούτων,
338 2489 400 2555 οὐκ
425 2489 553 2574 ἀγαθὸς
574 2485 763 2573 νομοθέτης
787 2484 867 2553 οὐδὲ
891 2489 1085 2567 σπουδαῖος·
1109 2491 1151 2556 οὐ

140 2600 204 2683 γάρ
233 2594 399 2681 ἐνδέχεται
431 2597 475 2681 μὴ
507 2600 611 2661 καλοῦ
643 2597 771 2680 μίμημα
802 2595 905 2661 καλὸν
935 2587 1035 2678 εἶναι,
1067 2593 1151 2681 μηδὲ

141 2707 239 2769 δείου
265 2700 321 2767 καί
347 2705 485 2786 βεβαίου
508 2702 569 2785 τὴν
592 2700 697 2786 φύσιν
724 2700 897 2766 ἀθάνατον
918 2699 974 2766 καὶ
1003 2700 1151 2787 βέβαιον,

142 2808 225 2873 άλλδι
243 2810 349 2891 μόνον
368 2807 418 2872 ὅτι
436 2811 627 2892 μόνοντῶν
648 2808 862 2892 δημιουργῶν
880 2817 941 2872 τοῦ
960 2812 1151 2894 φιλοσόφου

141 2911 196 2977 καὶ
219 2915 317 2997 νόμοι
339 2912 468 2996 βέβαιοι
490 2911 546 2978 καί
573 2910 706 2998 πράξεις
733 2909 818 2976 είσὶν
842 2911 944 2996 ὀρθαὶ
965 2911 1021 2978 καί
1043 2919 1150 2981 καλαί.
1165 2936 1191 2976 ετ

65 3036 128 3077 ωε.
142 3020 245 3102 μόνος
271 3019 334 3103 γάρ
361 3019 444 3104 πρὸς
471 3018 532 3101 τὴν
560 3019 665 3102 φύσιν
692 3016 823 3101 βλέπων
855 3020 890 3101 ζῇ
922 3015 977 3082 καί
1003 3022 1087 3104 πρὸς
1112 3022 1150 3086 τὸ

141 3130 254 3205 θεῖον,
279 3122 336 3189 καὶ
358 3125 509 3209 καθάπερ
533 3122 575 3188 δν
598 3124 630 3188 εί
654 3125 858 3206 κυβερνήτης
885 3145 935 3199 τις
961 3122 1090 3206 ἀγαθὸς
1118 3125 1151 3204 ἐξ

212 3285 228 3335 8
239 3297 298 3348 sqq.
310 3280 343 3336 cf.
353 3279 468 3348 Archyt.
479 3295 523 3349 ap.
532 3277 675 3333 smum.
685 3278 748 3348 148,
757 3285 772 3333 6
781 3281 817 3348 (p.
828 3283 888 3346 316,
896 3284 912 3333 9
920 3279 1150 3350 sqq.Waohsm.).

214 3427 246 3476 18
265 3416 382 3488 πράττει
396 3419 507 3488 scripsi:
521 3415 637 3488 πράττη.
670 3434 704 3472 ex
718 3418 857 3474 contrario
871 3420 986 3486 τίδηται
1000 3418 1096 3488 (immo
1110 3441 1150 3476 τι-

140 3492 241 3560 θῆται)
260 3508 311 3546 scr.
326 3491 359 3559 K,
379 3491 414 3545 ef.
428 3488 538 3545 Vahlen
557 3488 595 3571 ³5¹
609 3488 655 3571 Af.
670 3488 748 3544 Poet.
762 3507 789 3574 p.
805 3493 898 3557 14472,
912 3494 946 3544 25
961 3491 998 3570 (ρ.
1014 3490 1123 3571 88?qu
1142 3495 1150 3565 β

142 3567 174 3616 19
194 3561 242 3615 καί
261 3559 432 3631 μιμούμενος
451 3561 527 3616 delet
547 3558 644 3617 v1te111
657 3561 667 3628 11
680 3564 715 3613 24
733 3559 834 3633 μονον]
854 3562 939 3629 δῆλον
958 3559 1065 3619 v1telh.
