2670 3932
434 197 708 254 PROTREPTICUS
727 200 760 268 (ο.
775 198 847 268 xv).
1104 197 1145 262 81

10 351 11 354 ¹
134 365 256 445 ζηλοῦν
278 362 357 436 τοὺς
379 354 457 445 παρ’
483 359 622 436 έκείυοις
643 358 850 444 τιμωμένους
871 383 906 425 τε
929 357 985 424 καὶ
1008 359 1147 425 ἐνδυνα-

10 459 11 462 “
133 468 323 549 στεύουτας,
342 465 362 549 ἢ
377 465 415 529 τὸ
429 474 490 529 τοῦ
505 460 649 550 Ὁμήρου
663 463 705 530 άν
720 463 926 530 πεπονθέναι
944 463 1000 530 καὶ
1014 466 1147 551 σφόδρα

132 573 317 656 βούλεσθαι
340 571 566 657 ἐπάρουρον
589 569 704 635 έόντα
722 569 942 656 θητευέμεν
961 572 1062 658 άλλφ
1082 572 1148 636 άν-

58 694 117 736 9‘1A·
133 680 154 744 δ
160 676 198 764 ρὶ
211 673 300 762 παρ’
321 677 476 764 ἀκλήρῳ
495 673 550 741 καὶ
574 675 688 741 ὁτιοῦν
703 675 745 741 δν
763 675 969 742 πεπονθέναι
987 677 1147 760 μᾶλλονῆ

133 784 243 850 έκείνά
260 806 295 849 τε
310 781 459 862 δοξάζειν
476 780 532 847 καὶ
550 781 684 858 ἐκείνως
704 786 774 866 ζῆυς
800 782 905 859 οὕτως
923 785 1027 865 ἔγωγε
1046 777 1174 866 οἷμαι,ι

46 909 116 948 2³⁸1<-
132 899 199 956 πάν
228 894 355 972 μᾶλλον
382 887 587 953 πεπονθέναι
614 885 656 952 άυ
685 886 845 966 δέξασθαι
872 887 893 970 ἦ
923 891 979 970 ζῆν
1007 887 1148 965 ἐκείνως.

132 994 188 1060 καλ
206 996 284 1060 τόδε
303 995 344 1078 δὴ
363 993 542 1076 ἐννόησον·
565 994 597 1058 εί
617 994 718 1058 πάλιν
737 993 755 1059 ὁ
774 1001 924 1069 τοιοῦτος
941 995 1084 1077 καταβὰς
1103 995 1150 1071 είς

132 1103 192 1166 τὸν
217 1101 320 1167 αὐτὸν
342 1106 451 1164 θᾶκον
469 1101 650 1181 καθίζοιτο,
675 1093 728 1185 ἆρ’
751 1099 792 1165 οὐ
815 1101 955 1176 σκότους
978 1097 1149 1176 ἀνάπλεως

133 1209 228 1290 σχοίη
252 1208 331 1282 τοὺς
354 1205 569 1289 ὀφθαλμούς,
597 1205 755 1288 ἐξαίφνης
777 1206 868 1288 ἥκων
892 1204 928 1272 ἐκ
949 1215 1011 1271 τοῦ
1034 1205 1147 1288 ἡλίους

134 1312 221 1398 μάλα
238 1336 285 1394 γε.
327 1313 384 1388 τάς
404 1307 441 1377 δὲ
460 1312 501 1395 δὴ
522 1311 616 1387 σκιάς
635 1310 761 1388 ἐκείνας
779 1312 880 1378 πάλιν
903 1315 935 1378 εί
956 1311 1027 1378 δέοι
1047 1311 1149 1377 αὐτὸν
1165 1330 1190 1370 10

134 1418 390 1501 γνωματεύοντα
420 1419 659 1502 διαμιλλᾶσθαι
681 1428 751 1494 τοῖς
779 1416 830 1482 ἀεὶ
857 1420 1041 1502 δεσμώταις
1070 1417 1150 1483 έκεί-

133 1547 221 1606 νοις,
251 1522 288 1589 έν
316 1515 342 1611 ηδ
372 1522 579 1608 ἀμβλυωπεί,
607 1520 688 1608 πρὶν
715 1532 917 1606 καταστῆναι
943 1527 984 1588 τά
1011 1527 1150 1608 όμματα,

135 1625 233 1706 οὗτος
257 1626 293 1694 δέ
316 1629 334 1694 ὁ
358 1631 479 1712 χρόνος
497 1629 541 1712 μὴ
564 1627 653 1692 πάνυ
672 1627 785 1710 ὀλίγος
808 1635 858 1711 είη
876 1637 934 1712 τῆς
958 1631 1150 1711 συνηθείας,

134 1730 199 1822 ἄρα
219 1734 261 1800 οὐ
278 1729 395 1818 γέλωτ’
418 1733 460 1799 δν
477 1731 626 1816 παρέχοι,
647 1731 703 1798 καὶ
726 1731 855 1817 λέγοιτο
878 1732 920 1798 άν
937 1731 1013 1819 περὶ
1036 1734 1150 1817 αὐτοῦ,

136 1843 180 1918 ὡς
204 1841 329 1926 ἀναβάς
351 1843 421 1906 άνω
441 1837 690 1925 διεφθαρμένος
712 1840 785 1922 ἥκει
803 1841 1001 1924 τὰόμματα,
1024 1837 1080 1904 καὶ
1099 1840 1150 1904 ότι
1165 1857 1190 1899 15

136 1947 198 2012 οὐκ
227 1947 321 2026 άξιου
354 1944 434 2013 οὐδὲ
466 1952 647 2032 πειρᾶσθαι
679 1945 825 2030 ἀνιέναι,
857 1944 913 2012 καί
941 1947 1001 2012 τὸν
1034 1946 1152 2030 ἐπιχει-

136 2062 261 2138 ροῦντα
290 2055 383 2118 λύειν
410 2050 532 2125 τεκαὶ
560 2052 712 2136 ἀνάγειν,
745 2058 779 2117 εί
802 2073 872 2129 πως
899 2051 936 2117 έν
962 2063 1034 2130 ταῖς
1060 2050 1152 2138 χερσὶ

137 2160 297 2223 δύναιντο
330 2163 444 2240 λαβεῖν
476 2156 531 2223 καὶ
563 2157 785 2241 ἀποκτείνειν,
823 2157 1062 2223 ἀποκτιννύναι
1094 2160 1151 2237 άυ;

137 2263 271 2345 σφόδρα
302 2286 348 2346 γε.
402 2263 525 2346 ταύτην
556 2268 674 2329 τοίνυν
705 2263 768 2346 τὴν
801 2264 913 2328 είκόνα
943 2262 1153 2347 προσαπτέον

137 2371 268 2434 δίκασαν
288 2368 332 2445 ὡς
351 2367 486 2451 ἀληθῶς
503 2379 574 2446 τοῖς
591 2367 794 2453 λεγομένοις,
817 2369 879 2451 τὴν
898 2366 959 2452 μὲν
978 2367 1022 2435 δι’
1045 2371 1153 2448 ὅψεως
1167 2389 1193 2430 ευ

137 2473 348 2559 φαινομένην
375 2473 477 2559 ἕδραν
504 2482 543 2558 τῇ
570 2484 631 2539 τοῦ
660 2475 890 2560 δεσμωτηρίου
917 2476 1043 2560 οίκησει
1071 2475 1154 2559 άφο-

137 2589 310 2666 μοιοῦντα,
333 2582 370 2647 τὸ
395 2577 432 2646 δὲ
454 2589 516 2645 τοῦ
538 2581 643 2665 πυρὸς
667 2579 703 2646 ἐν
723 2581 806 2666 αὐτῇ
829 2591 901 2663 φῶς
918 2589 958 2665 τῇ
977 2589 1038 2646 τοῦ
1055 2580 1153 2664 ἡλίου

10 2763 11 2768 ¹
63 2706 122 2746 ωε.
138 2688 292 2772 δυνάμει·
315 2688 377 2770 τὴν
400 2682 437 2751 δὲ
456 2687 526 2751 άνω
545 2685 711 2768 ἀνάβασιν
734 2684 894 2752 καὶθέαν
912 2697 979 2752 τῶν
1003 2688 1073 2752 άνω
1093 2688 1154 2770 τὴν

52 2812 126 2852 24οΚ
141 2796 188 2870 είς
215 2795 274 2858 τὸν
301 2793 425 2875 νοητὸν
452 2794 556 2857 τόπον
583 2800 641 2876 τῆς
671 2801 778 2877 ψυχῆς
805 2794 931 2860 όίνοδον
959 2791 1066 2872 τιθεὶς
1092 2793 1154 2878 οὐχ

139 2899 319 2984 ἁμαρτήσει
341 2906 399 2982 τῆς
422 2896 589 2982 ἀληθείας.
636 2898 719 2981 αὕτη
744 2896 784 2962 δέ
803 2922 870 2965 που
889 2901 976 2966 οὕτω
1000 2903 1155 2985 φαίνεται
1168 2918 1194 2958 25

139 3005 176 3071 έν
199 3013 244 3093 τῷ
267 3010 405 3091 γνωστῷ
429 3004 599 3067 τελευταία
622 3002 643 3085 ἡ
666 3012 727 3068 τοῦ
746 3003 878 3086 ἀγαθοῦ
897 3003 969 3070 ίδέα
987 3003 1042 3069 καί
1060 3009 1155 3089 μόγις

140 3111 301 3195 ὁρᾶσθαι,
329 3108 476 3191 ὀφθεῖσα
500 3103 537 3173 δὲ
560 3106 778 3191 συλλογιστέα
805 3103 892 3174 εἶναι
920 3110 964 3186 ὡς
989 3111 1053 3195 άρα
1075 3119 1154 3175 πᾶσι

140 3217 273 3282 πάντων
298 3216 380 3298 αὕτη
404 3214 520 3297 ὀρθῶν
543 3236 578 3279 τε
601 3211 656 3278 καὶ
675 3219 786 3279 καλῶν
808 3216 907 3297 αίτία,
931 3217 968 3279 έν
990 3238 1025 3280 τε
1045 3215 1154 3304 ὁρατῷ

230 3485 246 3533 3
267 3473 313 3532 ἐπ’
334 3473 457 3548 ἄρουραν
476 3477 485 3546 [Ι
504 3482 537 3531 21
559 3473 645 3544 ἕδραν
665 3479 674 3546 ΙΙ
693 3481 727 3531 26
746 3453 859 3548 ἁμαρτόῇ
872 3479 881 3549 ΙΙ
896 3484 929 3534 26
948 3481 1096 3534 τελευταία
1114 3479 1156 3535 ita

142 3549 277 3617 scriptum
295 3550 327 3603 ut
345 3548 464 3618 proclivi
483 3563 574 3604 errore
594 3548 673 3617 legas
693 3549 867 3614 τελευταίας.

194 3647 328 3688 Ιειιειιιοεεε
341 3648 477 3688 Ριιονειεν.
980 3645 996 3694 6
