2670 3932
174 187 217 253 82
582 181 775 240 ΙΑΜΒΙᾸΟΗΙ

174 359 247 434 φῶς
276 347 333 414 καὶ
363 349 423 412 τὸν
454 347 577 413 τούτου
609 347 727 430 κύριον
758 353 914 429 τεκοῦσα,
947 348 984 411 ἐν
1014 368 1049 411 τε
1078 354 1189 433 νοητῷ

175 455 257 538 αὐτῇ
277 457 376 540 κυρία
395 453 558 536 ἀληθειαν
576 450 632 517 καὶ
649 460 735 517 νούυ
752 450 972 537 παρεχομένη,
993 450 1049 516 καὶ
1068 452 1119 517 ότι
1137 454 1191 518 δεῖ

173 561 298 644 ταύτην
327 561 412 626 ίδεῖν
439 559 499 625 τὸν
527 557 689 642 μέλλοντα
713 557 889 643 ἐμφρόνως
915 557 1052 643 πράξειν
1074 557 1095 642 ἢ
1121 560 1191 645 ίδίηι

174 665 194 750 ἢ
219 666 372 753 δημοσίᾳ.
414 667 444 730 εί
466 665 507 748 δῇ
530 673 630 730 τοῦτο
653 667 754 750 ἔργον
778 661 846 729 ἐστὶ
868 671 925 747 τῇς
947 665 1109 746 παιδείας,
1134 663 1190 729 καὶ

147 780 336 838 ετοσοῦτον
358 773 527 858 πρόκειται
550 771 588 834 τὸ
607 770 775 854 διάφορον
794 768 895 852 αὐτῇς
915 769 998 851 πρὸς
1015 770 1076 852 την
1096 769 1191 836 άπαι-

175 880 328 960 δευσίαυ,
351 881 387 943 τί
406 876 449 943 διν
472 878 552 942 άλλο
576 875 713 961 ἁρμόζοι
735 874 756 958 ἣ
779 875 930 952 παιδείας
953 873 1191 958 ἀντιλαμβάνε-

175 991 258 1050 σθαι
288 982 344 1049 καὶ
373 985 590 1067 φιλοσοφίας,
622 991 689 1046 τῶν
718 976 756 1045 δὲ
786 989 851 1046 νῦν
879 980 1072 1046 δοκούντων
1103 975 1190 1046 εἶναι

174 1091 471 1174 περισπουδάστων
500 1099 570 1166 τοῖς
598 1091 733 1163 πολλοῖς
763 1086 924 1171 ἀφίεσθαι
954 1087 999 1164 ὡς
1029 1086 1189 1170 οὐδεμίαν

175 1195 320 1280 ἐχόντων
343 1196 389 1272 είς
413 1195 632 1279 εὐδαιμονίαν
655 1191 764 1277 ῥοπὴν
787 1190 976 1275 άξιόλογον;

135 1322 161 1361 ιο
263 1301 349 1367 XVI.
373 1298 445 1364 Ἴδα
459 1302 587 1383 τοίνυν,
607 1301 638 1364 εί
650 1307 753 1363 ταῦτα
768 1297 890 1381 άληθῇ,
910 1299 964 1363 δεῖ
979 1306 1099 1381 υοῇσαι
1114 1296 1191 1381 περὶ

175 1407 286 1472 αὐτῶν
308 1407 440 1471 τοιόνδε
462 1429 509 1488 τι,
536 1407 598 1489 την
620 1405 775 1470 παιδείαν
799 1403 861 1488 οὐχ
885 1395 959 1468 οἷόν
981 1426 1070 1481 τινες
1092 1403 1189 1486 ἐπαγ-
1203 1423 1282 1464 m.

174 1515 372 1604 γελλόμενοί
392 1527 497 1595 φασιν
520 1506 617 1593 εἶναι,
645 1511 804 1594 τοιαύτην
826 1507 882 1574 καὶ
905 1504 1000 1575 εἶναι.
1046 1508 1129 1593 φασδ
1153 1510 1193 1575 δέ
1326 1515 1327 1580 λ

174 1640 240 1684 που
256 1619 321 1684 οὐκ
339 1617 481 1701 ἐνούσης
499 1617 536 1683 ἐν
553 1626 592 1702 τῇ
610 1624 699 1702 ψυχῇ
719 1616 897 1700 ἐπιστήμης
916 1614 1095 1698 ἐντιθέναι,
1116 1609 1189 1681 οἷον
1203 1632 1269 1676 99A.
1326 1615 1327 1676 ἦ

174 1730 314 1808 τυφλοῖς
336 1725 526 1809 ὀφθαλμοῖς
549 1725 629 1801 όψιν
652 1721 847 1800 ἐντιθέντες.
885 1722 903 1788 ὁ
926 1721 967 1787 δέ
986 1745 1025 1805 γε
1048 1731 1113 1787 νῦν
1135 1724 1190 1788 λό-

135 1850 160 1890 15
174 1854 234 1914 γος
257 1833 411 1914 σημαίνει
433 1831 559 1914 ταύτην
581 1830 643 1912 την
666 1827 811 1894 ἐνοῦσαν
837 1827 961 1914 ἑκάστῳ
986 1829 1130 1913 δύναμιν
1154 1829 1191 1894 ἐν

173 1945 213 2021 τῇ
247 1944 337 2020 ψυχῇ
368 1933 423 2000 καὶ
454 1937 492 2000 τὸ
525 1937 672 2020 ὄργανον
705 1925 731 2020 ᾧ
763 1933 1013 2017 καταμανθάνει
1044 1934 1189 2018 ἕκαστος,

175 2034 249 2107 οἷον
277 2043 309 2106 εί
335 2043 424 2126 όμμα
452 2042 495 2126 μὴ
527 2041 674 2106 δυνατὸν
701 2035 743 2123 ἧν
771 2040 878 2116 άλλως
909 2038 930 2123 ἣ
959 2039 1019 2118 ξύν
1049 2041 1115 2128 ὅλςο
1143 2048 1189 2127 τῷ

173 2147 300 2231 σώματι
328 2129 485 2233 στρέφειν
513 2147 596 2232 πρὸς
627 2146 664 2210 τὸ
697 2147 809 2229 φανὸν
839 2144 875 2210 ἐκ
901 2155 963 2212 τοῦ
990 2146 1189 2230 σκοτώδους,

174 2254 281 2332 οὕτως
303 2252 363 2332 ξύν
387 2254 448 2339 όλη
471 2261 510 2338 τῇ
528 2261 618 2337 ψυχῇ
637 2252 673 2318 ἐκ
689 2261 751 2326 τοῦ
768 2252 972 2336 γιγνομένου
995 2250 1191 2336 περιακτέον

133 2379 160 2418 2⁰
174 2354 275 2444 εἶναι,
304 2359 366 2438 ἕως
389 2359 430 2426 άν
453 2361 501 2437 είς
522 2361 560 2425 τὸ
590 2357 629 2424 δν
656 2357 795 2424 καὶτοῦ
819 2360 916 2436 ὄντος
938 2359 975 2423 τὸ
999 2361 1190 2442 φανότατον

175 2467 299 2550 δυνατὴ
327 2464 463 2549 γένηται
490 2464 695 2549 ἀνασχέσθαι
724 2462 893 2547 θεωμένη·
921 2474 1020 2530 τοῦτο
1047 2459 1078 2530 δ’
1104 2459 1193 2530 εἶναί

174 2596 284 2657 φαμεν
307 2572 466 2656 τάγαθόν.
511 2572 633 2637 τούτου
655 2574 773 2636 τοίνυν
802 2570 906 2634 αὐτοῦ
932 2569 1030 2655 τέχνη
1059 2569 1102 2635 δυ
1127 2577 1190 2654 είη,

173 2687 231 2761 τῇς
252 2686 473 2762 περιαγωγῇς,
502 2680 577 2742 τίνα
599 2679 724 2762 τρόπον
747 2677 792 2753 ὡς
815 2675 920 2762 ῥᾷστά
941 2699 976 2740 τε
999 2675 1055 2742 καὶ
1078 2676 1190 2741 άνυσι·

174 2784 305 2867 μώτατα
324 2784 639 2868 μεταστραφήσεται,
665 2783 706 2848 οὐ
723 2791 784 2847 τοῦ
803 2782 979 2866 ἐμποιῇσαι
999 2782 1088 2869 αύτῷ
1108 2782 1188 2866 <τὸ>

132 2906 159 2948 25
174 2888 268 2972 ὁρᾶν,
293 2886 364 2953 ἀλλ’
386 2888 432 2964 ὡς
455 2890 564 2972 ἔχοντι
583 2885 644 2973 μὲν
662 2888 755 2972 αύτό,
779 2888 841 2953 οὐκ
864 2887 977 2973 ὀρθῶς
999 2885 1036 2952 δὲ
1054 2910 1189 2972 τετραμ

173 2993 262 3083 μένφ
287 2990 366 3060 οὐδὲ
389 2993 545 3078 βλέποντι
570 2985 605 3059 οἷ
624 2995 703 3078 ἔδει,
726 3003 824 3060 τοῦτο
849 2996 903 3059 δεῖ
922 2997 1187 3078 μηχανήσασθαι.

174 3101 212 3166 αί
231 3098 293 3186 μὲν
315 3102 432 3166 τοίνυν
456 3103 552 3166 ἄλλαι
575 3098 689 3186 άρεταί
715 3101 917 3184 καλούμεναι
944 3107 1052 3183 ψυχῇς
1074 3101 1188 3164 κινδυ-

174 3227 386 3234 -κ-...ῃα

263 3297 304 3347 10.
323 3311 350 3363 p.
366 3299 409 3362 sa,
426 3299 458 3346 ιο
477 3291 548 3348 Plat.
568 3291 651 3349 civit.
667 3293 718 3349 vn
736 3313 762 3362 p.
779 3291 953 3346 5183-519
965 3292 995 3345 B.

174 3404 231 3411 ——-

262 3474 278 3522 8
293 3463 434 3536 ἀφίεσθαι
444 3466 596 3536 (ἀφεῖσθαι
607 3466 732 3535 Scaliger
752 3465 854 3520 Cobet:
864 3459 1018 3531 ἄφιεῖοθαι
1031 3468 1041 3536 [Ι
1057 3471 1088 3519 11
1100 3466 1187 3521 immo

173 3537 238 3591 οἵαν
248 3554 310 3591 cum
321 3539 343 3592 P
356 3541 366 3606 11
382 3545 413 3592 12
425 3537 493 3605 φησὶ
503 3537 648 3604 compend.
658 3535 669 3605 ῇ
680 3541 712 3589 16
722 3555 744 3606 ῳ
754 3536 814 3589 Ρλι
825 3527 840 3588 δ
851 3536 860 3607 y!
869 3539 904 3588 24
913 3531 945 3589 τὸ
956 3535 1021 3589 exP
1034 3536 1145 3590 addidit
1154 3539 1186 3590 A.
