2674 3932
159 208 202 272 38
573 206 763 262 IAMBLICHI

159 368 235 456 περὶ
263 381 329 435 τῶν
353 372 491 436 δικαίων
514 366 660 434 καὶτῶν
683 370 941 453 συμφερόντων,
969 371 1017 432 ἔτι
1041 365 1078 432 δέ
1101 366 1176 454 περὶ
1190 385 1256 428 ωε.

161 478 293 561 φύσεώς
316 501 351 542 τε
374 474 429 542 καὶ
452 487 510 561 τῆς
533 477 635 559 ἀλλης
657 474 817 557 ἀληθείας
841 475 1019 559 ἐπιστήμας
1039 473 1176 540 δυνατοὶ
1192 493 1268 535 ιοεΚ.

160 588 275 668 λαβεῖν
299 583 408 668 ἐσμεν,
433 580 554 670 ῥᾴδιον
577 579 746 659 ἐπιδεῖξαι.
787 578 838 646 ἀεὶ
856 583 921 667 γὰρ
942 581 1178 666 γνωριμώτερα

156 692 197 754 τά
229 693 373 776 πρότερα
392 700 473 778 Ιτῶν
505 686 655 774 ὑστέρων
682 685 738 752 καὶ
765 689 806 752 τά
833 690 950 771 βελτίω
982 688 1044 770 τήν
1072 688 1178 772 φύσιν

131 807 225 862 ιτῶν
252 799 424 882 χειρόνων.
469 807 537 860 τῶν
567 795 631 879 γάρ
659 791 854 879 ὡρισμένων
883 791 938 859 καὶ
968 792 1177 878 τεταγμένων

158 901 318 987 ἐπιστήμη
347 905 474 988 μᾶλλόν
503 900 594 966 ἐστιν
626 899 737 984 ήτῶν
767 900 945 983 ἐναντίων,
974 902 1022 964 ἐτι
1050 897 1087 964 δέ
1109 911 1177 964 τῶν

159 1011 275 1075 αἰτίων
307 1009 327 1092 ή
356 1020 423 1074 τῶν
456 1009 719 1091 ἀποβαινόντων.
770 1009 839 1072 ἐστι
870 1004 900 1070 θ’
928 1005 1097 1092 ὡρισμένα
1121 1004 1177 1072 καὶ

157 1115 340 1200 τεταγμένα
363 1115 494 1199 τάγαθὰ
516 1125 584 1178 τῶν
607 1125 717 1179 κακῶν
741 1117 883 1197 μᾶλλον,
910 1113 1021 1198 ὥσπερ
1044 1114 1177 1199 ἀνθρω-

158 1243 219 1299 ιιος
242 1222 386 1305 ἐπιεικής
410 1222 596 1308 ἀνθρώπου
619 1222 767 1304 φαύλου·
790 1221 852 1304 τήν
874 1219 980 1303 αὐτήν
1002 1220 1066 1306 γάρ
1090 1223 1177 1304 ἔχειν

119 1345 146 1385 1⁰
161 1327 344 1412 ἀναγκαῖον
368 1328 451 1394 αάτά
474 1329 557 1412 πρὸς
575 1329 701 1410 ἀλληλα
721 1328 898 1413 θιαφοράν.
936 1327 1025 1392 αίτιά
1044 1350 1078 1391 τε
1097 1331 1177 1411 μάλ-

159 1438 220 1499 λον
248 1435 287 1499 τά
314 1437 458 1520 πρότερα
481 1444 549 1498 τῶν
572 1431 733 1518 ὑστέρων·
763 1433 899 1499 ἐκείνων
928 1434 991 1518 γὰρ
1021 1432 1178 1518 ἀναιρου-

158 1538 270 1623 μένων
297 1540 482 1624 ἀναιρεῖται
509 1540 549 1604 τά
576 1539 638 1623 τήν
666 1539 786 1604 οὐσίαν
818 1538 850 1619 ἐξ
881 1538 1018 1604 ἐκείνων
1049 1542 1177 1623 ἔχοντα,

159 1649 244 1731 μήκη
269 1643 331 1731 μέν
354 1646 520 1732 ἀριθμῶν,
545 1644 682 1710 ἐπίπεδα
702 1641 739 1709 δέ
757 1655 883 1730 μηκῶν,
909 1646 1025 1729 στερεά
1049 1643 1086 1710 δὲ
1109 1645 1177 1711 ἐπι-

158 1751 296 1836 πέδων[,
311 1763 457 1837 στοιχεῖα
472 1748 509 1817 δέ
522 1763 590 1816 τῶν
600 1748 856 1836 ὀνομαζομένων
869 1755 1069 1835 συλλαβῶν].
1094 1753 1178 1818 ὥστε

119 1877 144 1916 1⁵
160 1865 251 1945 είτιερ
265 1860 354 1943 ήνχή
374 1855 435 1942 μέν
450 1859 601 1942 σώματος
620 1858 758 1942 ἀμεινον
778 1856 1017 1943 (ἀρχικώτερον
1036 1861 1098 1944 γάρ
1117 1861 1178 1943 τήν

160 1966 265 2048 φύσιν
289 1963 383 2049 ἐστί),
407 1962 483 2049 περὶ
502 1960 539 2028 δέ
562 1973 655 2048 σῶμα
673 1963 786 2048 τέχναι
810 1961 865 2028 καὶ
888 1966 1070 2049 φρονήσεις
1093 1963 1178 2031 είσλν

161 2071 290 2155 ἰατρική
308 2093 344 2134 τε
362 2066 417 2134 καὶ
431 2072 637 2153 γυμναστική
658 2069 792 2155 (ταύτας
810 2071 874 2156 γάρ
892 2069 986 2155 ἡμεῖς
1000 2069 1178 2156 ἐπιστήμας

160 2179 298 2260 τίθεμεν
321 2173 376 2241 καὶ
395 2177 579 2259 κεκτῆσθαί
597 2199 690 2252 τινας
713 2176 814 2252 αάτάς
838 2175 974 2263 φαμεν),
999 2178 1103 2260 δῆλον
1126 2178 1177 2243 ὅτι
1192 2195 1268 2235 1⁰81(-

160 2280 216 2348 καὶ
239 2281 315 2371 περὶ
338 2283 449 2367 ψυχήν
471 2279 526 2347 καὶ
550 2283 607 2359 τὰς
630 2291 738 2367 ψυχῆς
763 2282 880 2370 ἀρετάς
903 2282 976 2348 ἐστί
995 2305 1045 2360 τις
1067 2283 1177 2368 ἐπιμέ-

120 2409 147 2448 20
161 2394 233 2454 λεια
255 2387 311 2455 καὶ
329 2387 438 2474 τέχνη,
458 2387 512 2454 καὶ
533 2387 671 2455 δυνατοὶ
690 2394 805 2474 λαβεῖν
828 2389 934 2472 αὐτήν
953 2389 1062 2474 ἐσμεν,
1086 2397 1176 2477 είττερ

159 2520 197 2579 γε
224 2493 280 2561 καὶ
307 2507 375 2561 τῶν
403 2491 473 2581 μετ’
504 2495 641 2580 ἀγνοίας
667 2499 822 2572 πλείονος
849 2493 904 2560 καὶ
930 2507 1057 2578 γνῶναι
1084 2502 1177 2581 χαλε-

160 2602 327 2688 πωτέρων.
373 2602 495 2686 ὁμοίως
518 2598 629 2666 δὲκαὶ
652 2611 719 2665 τῶν
742 2599 817 2685 περὶ
839 2601 986 2686 φύσεως·
1008 2605 1094 2668 ιιολὺ
1113 2605 1177 2690 γὰρ

160 2711 325 2794 πρότερον
356 2707 539 2790 ἀναγκαῖον
570 2717 637 2771 τῶν
670 2708 785 2772 αἰτίων
818 2704 873 2772 καὶ
905 2718 973 2773 τῶν
1005 2713 1178 2794 στοιχείων

233 2941 257 2989 3.
272 2951 299 3003 p.
314 2939 355 3000 41,
370 2939 386 2988 2
402 2933 436 2987 of.
452 2933 549 2988 Iambl.
563 2932 594 2987 in
606 2933 678 2988 libro
692 2933 734 2987 111
747 2934 904 3003 <Villoison‚
919 2936 1022 2992 Aneed.
1033 2937 1060 2991 11
1072 2956 1100 3008 p.
1116 2944 1177 3008 21⁷,

161 3010 294 3074 35-218,
309 3011 351 3059 λδ.
385 3002 450 3059 cod.
464 3004 595 3060 Laurent.
610 3008 653 3074 86,
669 3005 888 3076 af.109asqq.).

233 3225 249 3273 3
268 3216 466 3288 γνωριμώτερα
480 3213 637 3288 ἀμφότερα,
651 3213 686 3272 τά
701 3218 751 3272 lib.
766 3217 806 3272 III
819 3221 829 3291 ΙΙ
845 3224 877 3272 13
894 3215 1040 3293 ἀριθμῶν]
1054 3238 1090 3276 an
1105 3239 1177 3291 στιγ-

162 3290 220 3359 μῶν
236 3289 281 3361 (cl.
297 3292 342 3344 Ar.
357 3290 425 3360 Top.
441 3294 462 3344 Z
476 3297 501 3344 4.
518 3295 591 3357 141⁸,
604 3290 650 3358 6)?
665 3290 696 3344 ab
710 3290 744 3345 of.
760 3289 810 3345 lib.
821 3292 859 3345 ΙΙΙ
874 3309 901 3360 p.
912 3296 973 3359 214,
987 3296 1021 3347 14
1034 3294 1043 3362 ΙΙ
1059 3298 1092 3347 14
1107 3309 1178 3347 στοι-

161 3367 225 3430 χεῖα
245 3391 278 3400 -
298 3362 441 3433 συλλαβῶν
461 3361 515 3415 del.
534 3361 617 3428 Rose,
636 3377 690 3415 om.
709 3361 758 3415 lib.
774 3361 819 3416 III.
857 3364 932 3418 certe
948 3363 1098 3418 dicendum
1118 3365 1179 3419 erat

162 3432 298 3504 συλλαβαί
322 3426 353 3484 δὲ
372 3436 428 3485 τῶν
448 3425 528 3501 ὄνομ.
547 3432 705 3500 στοιχείων,
729 3449 795 3486 nam
813 3432 1054 3503 Pythagoreorum
1074 3432 1178 3490 σννθέ-

79 3563 82 3572 ,
161 3521 220 3643 ἴαχε
234 3502 442 3640 στοιχείοις,)ἀε
458 3501 559 3570 quibus
575 3503 747 3570 cogitaverat
760 3501 911 3573 Kiessling,
930 3505 1023 3560 nullus
1038 3505 1084 3558 hic
1098 3505 1177 3560 locus

175 3577 412 3641 e.p.39,7sq..
