2674 3932
35 943 125 992 εεκ.
253 921 493 988 ΚΕΦΑΛΑΙΑ
515 920 603 986 TOT
627 920 866 987 ΔΕΤΤΕΡΟΤ
889 920 1047 987 ΛΟΓΟΤ.

93 1105 116 1153 A
230 1085 288 1164 Τίς
305 1081 326 1164 η
345 1082 428 1167 ἀρχὴ
447 1083 529 1146 κατά
549 1083 759 1166 Πυθαγόραν
781 1089 839 1165 τῆς
862 1083 909 1157 είς
929 1082 1083 1146 παιδείαν
1101 1077 1156 1145 καλ

135 1191 343 1273 φιλοσοφίαν
362 1189 556 1272 εἰσαγωγῆς,
579 1184 635 1252 καὶ
657 1196 727 1264 πῶς
744 1187 921 1270 κοινοτάτη
946 1183 1014 1252 ἐστὶ
1035 1183 1090 1252 καλ
1109 1187 1157 1262 είς

135 1295 244 1360 πάντα
270 1296 311 1358 τά
338 1296 385 1371 είς
412 1297 619 1380 φιλοσοφίαν
647 1293 760 1377 ἀγαθά
787 1294 1017 1376 διατείνουσα,
1044 1296 1094 1369 τίς
1120 1313 1156 1357 τε

136 1401 239 1484 αὐτῆς
266 1400 287 1483 η
314 1400 404 1479 τάξις
431 1398 486 1466 καλ
514 1401 565 1466 ὅτι
591 1408 687 1485 τριχῇ
712 1401 902 1484 διαιρεῖται,
930 1397 985 1465 καὶ
1012 1409 1081 1475 πῶς
1105 1396 1182 1464 άεὶε

136 1509 289 1592 πρόεισιν
313 1504 365 1572 ἐπὶ
388 1509 425 1572 τὸ
449 1507 695 1593 καθαρώτερον.

96 1633 118 1680 Β
227 1613 383 1694 Γνωμικδι
411 1611 601 1695 ὁμοιώματα
628 1613 850 1696 προτρεπτικδι
878 1611 941 1676 άπὸ
969 1622 1036 1676 τῶν
1060 1611 1156 1697 ἐναρ-

137 1727 208 1799 γῶν
231 1725 311 1781 πᾶσι
334 1725 494 1782 κινοῦντα
517 1717 612 1800 ἡμῶν
634 1710 698 1800 την
723 1719 918 1801 προθυμίαν
945 1713 997 1782 ἐπὶ
1020 1720 1057 1782 τὸ
1081 1741 1155 1801 γεν-

135 1825 239 1900 ναίοις
266 1823 573 1907 ἀντιλαμβάνεσθαι
601 1831 658 1907 τῆς
686 1831 806 1899 κοινῶς
829 1825 911 1888 κατὰ
935 1831 1045 1888 πᾶσαν
1068 1823 1156 1908 αλρε-

137 1944 193 1993 σιν
217 1928 404 2014 νοουμένης
427 1929 553 2014 άρετης.
1170 1949 1196 1988 1⁰

94 2056 121 2105 Γ
226 2032 464 2124 Πυθαγορικαὶ
492 2046 621 2119 γνῶμαι
644 2032 879 2121 προτρεπτικαὶ
907 2038 1077 2121 ἔμμετροι,
1109 2037 1156 2113 είς

136 2149 246 2205 πᾶσαν
269 2141 331 2223 τὴν
355 2141 494 2226 άρίστην
512 2138 567 2206 καὶ
585 2142 764 2225 θειοτάτην
783 2145 990 2227 φιλοσοφίαν
1009 2163 1157 2226 παρακα-

138 2252 208 2312 λείν
232 2247 426 2330 δυνάμεναι.

93 2374 118 2424 Δ
220 2349 492 2436 Ἐπιστημονικαλ
510 2354 629 2437 ἔφοδοι
648 2354 695 2429 είς
708 2355 900 2438 προτροπὴν
914 2357 1085 2420 τείνουσαι
1098 2363 1156 2438 της

135 2466 342 2544 θεωρητικῆς
361 2460 565 2543 φιλοσοφίας
583 2460 664 2541 μετά
681 2467 743 2523 τοῦ
760 2455 815 2523 καλ
835 2460 1055 2525 διδασκαλίαν
1073 2481 1155 2547 παρ·
1170 2478 1196 2519 15

48 2564 225 2650 ο4Κίχειν
253 2566 334 2631 ὅσον
361 2585 397 2630 τε
424 2562 479 2629 καί
507 2563 624 2646 ἡλίκον
652 2564 784 2648 ἀγαθόν
813 2563 903 2630 ἐστιν
930 2565 951 2648 η
975 2569 1078 2650 σοφία
1101 2565 1156 2631 καὶ

138 2673 192 2737 διά
214 2674 308 2748 τίνας
331 2672 437 2747 αίτίας
459 2673 749 2757 περισπούδαστον
772 2683 843 2749 τοῖς
866 2666 904 2737 εὖ
928 2681 1104 2759 φρονοῦσι.

96 2797 120 2848 Ε
225 2775 461 2864 Πυθαγορικαλ
485 2780 579 2856 ἰδίως
596 2777 781 2864 προτροπαλ
803 2782 889 2845 πολὺ
908 2780 1155 2864 παραλλάττου-

138 2899 193 2948 σαι
215 2884 273 2959 τάς
295 2885 384 2967 παρὰ
406 2895 476 2960 τοῖς
499 2886 613 2961 άλλοις
636 2887 838 2969 φιλοσόφοις
856 2890 1078 2971 παρακλήσεις
1099 2884 1155 2952 καὶ

139 2991 225 3066 ίδίας
247 2990 446 3071 ποιούμεναι
468 2990 526 3066 τάς
550 2990 704 3075 ἐφόδους.
1169 3010 1195 3050 2⁰

96 3112 124 3166 F
226 3096 414 3180 Σῦμμικτοι
437 3095 623 3181 προτροπαὶ
645 3100 728 3180 πρός
750 3121 786 3163 τε
808 3099 870 3181 τὴν
893 3100 1076 3184 πρακτικὴν
1099 3097 1154 3164 καλ

138 3203 310 3286 πολιτικὴν
338 3202 459 3287 άρετην
487 3199 542 3267 καὶ
569 3205 653 3288 πρὸς
679 3205 741 3287 τὴν
767 3214 825 3289 της
846 3204 1051 3291 τελειοτέρας
1072 3207 1154 3271 κατά

138 3318 221 3374 νοῦν
245 3311 367 3392 σοφίας
389 3311 506 3392 κτῆσίν
528 3333 564 3374 τε
586 3307 642 3374 καὶ
664 3319 792 3396 χρῆσιν.

227 3509 241 3557 1
262 3503 303 3557 De
323 3501 487 3558 summariis
510 3503 545 3557 cf.
569 3501 670 3558 Nauck
692 3504 929 3573 vit.1³yth.p.1
952 3506 962 3573 [Ι
985 3511 1001 3559 2
1020 3507 1062 3567 τίς
1080 3498 1151 3574 άρχὴ

141 3572 186 3628 fol.
207 3575 268 3629 47b
282 3576 292 3643 ΙΙ
308 3579 340 3628 16
361 3570 436 3629 ἐστίν
455 3569 572 3644 άγαθδν
591 3576 618 3630 h.
628 3575 647 3629 1.

956 3662 991 3717 1*

908 3870 1015 3896 .-
