2674 3932
179 178 221 242 62
541 225 546 230 .
583 182 775 240 IAMBLICHI

179 341 320 406 δύναται
343 340 525 426 ἀφεστάναι
548 343 667 427 αὐτοῦ,
695 346 778 429 πρὸς
801 340 839 409 δὲ
860 346 922 429 τὴν
945 346 1057 430 ψυχὴν
1078 345 1190 428 τετρά-

177 452 275 530 φθαι.
316 444 372 512 καὶ
395 447 432 513 ἐν
455 459 525 525 τοῖς
547 450 711 526 τοιούτοις
735 444 797 515 οὖν
816 451 916 534 δῆλός
939 449 1029 516 ἐστιν
1053 450 1071 516 ὁ
1095 453 1190 535 φιλό-

180 567 286 636 σοφος
312 552 469 618 ἀπολύων
496 555 546 619 ὅτι
569 555 709 640 μάλιστα
736 556 798 639 τὴν
820 557 931 640 ψυχὴν
959 555 1022 622 ἀπὸ
1050 566 1108 640 τῆς
1130 564 1191 621 τοῦ

179 658 329 741 σώματος
344 661 521 737 κοινωνίας
535 660 764 746 διαφερόντως
777 671 845 726 τῶν
859 664 969 727 ἀλλων
989 662 1188 746 ἀνθρώπων.

153 760 235 828 anal
258 765 353 830 δοκεῖ
376 761 502 848 μίτον
526 767 582 831 θιά
607 775 707 832 τοῦτο
734 779 804 845 τοῖς
826 772 963 846 πολλοῖς
985 767 1189 853 ἀνθρώποις,

179 860 206 955 ᾧ
230 865 334 954 μηδὲν
356 870 422 953 ἡδὺ
444 883 512 939 τῶν
534 873 696 938 τοιούτων
719 870 803 957 μηδὲ
826 871 952 958 μετέχει
975 872 1100 955 αὐτῶν,
1129 872 1191 937 οὐκ

179 973 273 1053 ἀξιον
296 970 382 1041 εἶναι
406 979 478 1061 ζῆν,
509 975 580 1042 ἀλλ’
606 977 705 1061 ἐγγύς
732 1001 766 1042 τι
793 982 915 1045 τείνειν
942 987 1003 1043 τοῦ
1029 979 1191 1044 τεθνάναι

180 1076 326 1163 ὁμηθὲν
350 1085 536 1166 φροντίζων
564 1093 632 1148 τῶν
659 1083 793 1166 ἡδονῶν
822 1087 859 1149 αλ
880 1085 936 1149 διὰ
956 1092 1018 1149 τοῦ
1042 1084 1191 1167 σώματός

179 1186 252 1251 είσι.
297 1184 352 1252 καὶ
383 1188 450 1271 μὴν
485 1190 564 1273 περί
595 1212 634 1272 με
670 1188 775 1272 αὐτὴν
806 1190 868 1273 τὴν
904 1198 961 1273 τῆς
995 1191 1190 1273 φρονήσεως

139 1308 166 1348 10
178 1300 295 1374 κτῆσιν
317 1291 477 1376 ἐμπόδιον
499 1295 536 1358 τὸ
561 1304 665 1377 σῶμα,
689 1293 748 1359 ἐάν
771 1319 821 1372 τις
844 1295 924 1379 αὐτὸ
948 1294 985 1360 ἐν
1002 1303 1042 1378 τῇ
1062 1297 1190 1378 ζητήσει
1204 1312 1269 1354 ιιι.

179 1399 345 1462 κοινωνὸν
378 1400 696 1484 σνμπιιριιλοιμβάνῃ.
748 1393 822 1466 οἷον
853 1401 891 1465 τὸ
927 1402 1060 1465 τοιόνδε
1091 1399 1189 1483 λέγω·

180 1503 242 1568 οὐκ
260 1506 326 1588 ἔχει
350 1504 513 1588 ἀλήθειάν
530 1528 606 1571 τινα
630 1507 707 1584 ὄψις
728 1529 764 1572 τε
785 1504 842 1571 καὶ
860 1501 953 1590 ἀκοὴι
966 1516 1035 1582 τοῖς
1058 1505 1190 1590 ἀνθρώ-

178 1630 267 1686 ποις·
290 1611 330 1674 τὰ
347 1611 411 1695 γάρ
430 1619 566 1676 τοιαῦτα
585 1612 621 1676 ολ
640 1610 774 1696 ποιηταὶ
793 1610 844 1678 ἀεὶ
865 1610 947 1696 ἡμῖν
969 1616 1189 1696 θρολλοῦσιν,

180 1716 231 1781 ὅτι
254 1717 330 1782 ούτε
353 1716 519 1802 ἀκούομεν
542 1715 675 1803 ἀκριβὲς
693 1715 793 1784 οὐδὲν
812 1718 890 1784 ούτε
908 1717 1046 1803 ὁρῶμεν.
1082 1720 1190 1782 καίτοι

140 1839 166 1880 1⁵
180 1823 212 1886 εί
237 1817 335 1887 αὗται
362 1832 429 1888 τῶν
455 1820 532 1908 περὶ
558 1825 596 1888 τὸ
629 1834 722 1908 σῶμα
750 1849 771 1889 α
773 1825 942 1907 ίσθήσεων
972 1824 1016 1907 μὴ
1044 1823 1190 1909 ἀκριβεῖς

180 1929 245 1992 είσι
268 1924 351 2013 μηδὲ
374 1938 506 2012 σαφεῖς,
532 1934 637 2013 σχολῇ
658 1929 696 1994 αι
714 1952 752 2060 χε
776 1931 885 1995 άλλαι·
913 1937 1015 1994 πᾶσαι
1037 1928 1100 2014 γάρ
1123 1950 1190 1994 που

179 2034 309 2098 τούτων
331 2036 537 2118 φαυλότεραί
557 2035 650 2100 εἰσιν.
693 2035 852 2101 ούκοῦνε
855 2035 1013 2119 ίὴψυχὴ
1036 2043 1094 2119 τῆς
1112 2033 1191 2119 ἀλη-
1205 2053 1283 2095 ιεοΚ
1334 2059 1335 2100 ι

180 2140 276 2215 θείας
294 2139 526 2224 ἀποτυγχάνει,
549 2140 629 2205 ὅταν
648 2141 729 2225 μετὰ
746 2149 807 2206 τοῦ
826 2141 976 2225 σώματος
994 2140 1140 2227 ἐπιχειρῇ
1158 2165 1191 2206 τι
1334 2157 1335 2160 ’

181 2255 317 2311 σκοπεῖν
347 2242 466 2331 (δῆλον
488 2247 552 2330 γάρ
580 2247 631 2311 ὅτι
656 2249 731 2313 τότε
759 2246 992 2326 ἐξαπατᾶται“
976 2245 1032 2311 νπ’
1059 2247 1189 2332 αὐτοῦ),

140 2351 311 2430 ιοπάντως
341 2373 408 2418 που
440 2351 477 2417 ἐν
507 2360 553 2439 τῷ
590 2358 652 2435 λον
654 2355 797 2438 ίζεσθαι,
829 2359 920 2438 εἴπερ
954 2373 1020 2418 που
1056 2353 1188 2437 ἄλλοθι,

179 2459 366 2541 κατάδηλον
389 2458 473 2543 αὐτῇ
495 2460 647 2541 γίγνεταί
664 2481 697 2523 τι
719 2469 787 2523 τῶν
810 2460 926 2523 ὄντων.
968 2461 1131 2541 λογίζεται
1152 2458 1192 2524 δέ

179 2563 220 2646 γε’
235 2584 301 2630 που
319 2566 392 2630 τότε
409 2564 577 2646 κάλλιστα,
596 2564 677 2629 ὅταν
691 2563 796 2646 αὐτὴν
814 2564 943 2628 τούτων
961 2559 1066 2647 μηδὲν
1084 2584 1189 2650 παρα-

179 2674 282 2752 λνπῇ,
310 2672 390 2753 μήτε
417 2668 499 2751 ἀκοὴ
527 2671 607 2751 μήτε
634 2669 711 2746 ὄψις
739 2670 818 2752 μήτε
845 2667 1000 2751 ἀλγηδὼν
1027 2669 1114 2753 μηδέ
1138 2693 1188 2748 τις

178 2775 299 2856 ἡδονή,
333 2769 404 2838 ἀλλ’
435 2773 486 2838 ὅτι
514 2774 654 2857 μάλιστα
685 2772 766 2856 αὐτὴ
794 2767 873 2839 καθ’
900 2773 1004 2857 αὑτὴν
1034 2776 1188 2859 γίγνηται

139 2897 165 2940 ιι
180 2877 266 2944 ἐῶσα
285 2881 413 2964 χαίρειν
431 2881 468 2945 τὸ
488 2890 591 2964 σῶμα,
610 2877 666 2944 καὶ
684 2881 834 2945 καθόσον
849 2881 989 2964 δύνηται
1006 2881 1050 2965 μὴ
1069 2904 1187 2948 κοινω-

178 2993 285 3052 νοῦσα
308 2985 398 3074 αὐτῷ
417 2982 500 3071 μηδὲ
523 2984 688 3070 ἁπτομένη
712 2984 867 3071 ὀρέγηται
889 2993 949 3052 τοῦ
969 2987 1073 3064 ὄντος.
1111 2988 1187 3053 ούκ-

179 3101 242 3158 οῦν
277 3090 332 3159 καὶ
368 3091 516 3158 ἐνταῦθα
552 3091 573 3175 ἡ
605 3101 666 3157 τοῦ
702 3095 893 3178 φιλοσόφον
926 3094 1015 3177 ψυχὴ
1047 3093 1188 3178 μάλιστα

179 3197 324 3282 ἀτιμάζει
345 3199 383 3264 τὸ
406 3209 499 3283 σῶμα
517 3195 573 3264 καὶ
595 3199 712 3282 φεύγει
730 3192 785 3263 ἀπ’
807 3199 920 3281 αὐτοῦ,
945 3202 1033 3282 ζητεῖ
1049 3196 1086 3264 δὲ
1105 3199 1187 3282 αὐτὴ

177 3303 256 3369 καθ’
284 3305 388 3389 αὑτὴν
411 3307 597 3387 γίγνεσθαι.

268 3535 301 3582 22
320 3549 375 3582 πον
394 3529 457 3582 τότε
475 3526 535 3580 PK:
554 3531 611 3579 πού
631 3527 690 3593 (sic)
709 3543 776 3580 ποτε
790 3528 800 3593 ΙΙ
814 3531 848 3579 25
867 3525 986 3582 δύναται
1004 3528 1034 3582 Ρ.
