2670 3932
184 191 227 256 84
593 190 786 246 IAMBLICHI

271 352 374 418 XVII.
400 355 446 416 Εί
467 349 504 418 δὲ
523 354 577 417 δεῖ
596 349 652 417 καὶ
676 352 739 417 ἀπὸ
758 363 825 417 τῶν
844 357 994 418 παλαιῶν
1014 354 1126 433 λόγων
1144 349 1199 418 καὶ
1215 370 1286 410 1⁰1A.

182 469 249 524 τῶν
273 460 394 544 μύθων
412 469 480 523 τῶν
508 458 608 542 ίερῶν
629 468 697 522 τῶν
720 480 755 522 τε
778 458 889 523 ἀλλων
911 455 1057 522 καὶτῶν
1081 463 1200 522 Πυθα-

183 568 325 651 γορείων
362 565 551 650 ὑπομνῆσαι
586 566 665 640 τοὺς
698 563 881 640 ἀκούοντας
913 559 966 628 ἐπὶ
998 564 1059 646 τὴν
1095 563 1200 647 αὐτὴν

182 672 405 756 παράκλησιν,
436 670 614 755 ἀρχώμεθα
641 667 697 735 καὶ
723 670 845 735 τούτου
873 668 1040 734 ἐντεῦθεν.
1087 668 1200 754 ὀρθῶς

156 768 337 860 τλέγὸνται
366 776 401 841 οί
425 777 569 860 μηδενὸς
597 776 751 859 δεόμενοι
783 763 981 860 εὐδαίμονες
1010 769 1111 857 εἶναι,
1143 773 1199 840 καὶ

183 884 228 960 ὡς
254 893 322 949 τῶν
350 881 555 969 ἀπεράντους
583 881 728 966 ἐχόντων
756 882 814 958 τὰς
837 881 1017 964 ἐπιθυμίας
1043 882 1153 957 δεινὸς
1179 881 1198 946 δ

182 993 263 1073 βίος.
310 989 351 1055 οὐ
374 989 437 1075 γάρ
460 1013 492 1053 τι
514 982 715 1073 θαυμάζοιμ’
742 988 799 1070 ἀν,
828 989 859 1052 εί
880 987 1066 1072 Εὐριπίδης
1088 989 1197 1070 ἀληθῆ

183 1094 220 1160 ἐν
246 1097 359 1160 τοῖσδε
391 1093 494 1178 λέγει,
526 1093 633 1178 λέγων
668 1095 727 1170 τίς
764 1091 795 1157 δ’
833 1089 958 1175 οἶδεν,
992 1095 1027 1158 εί
1056 1093 1098 1157 τὸ
1132 1097 1199 1176 ζῆν

183 1200 253 1284 μέν
281 1200 363 1266 ἐστι
391 1207 622 1284 κατθανεῖν,
651 1201 692 1265 τὸ
720 1205 938 1264 κατθανεῖν
966 1195 1009 1264 δὲ
1033 1202 1114 1282 ζῆν;
1143 1196 1198 1263 καὶ

144 1328 170 1368 10
183 1307 275 1391 ἡμεῖς
298 1315 343 1395 τῷ
367 1309 439 1372 ὄντι
463 1313 542 1383 ίσοος
563 1305 743 1390 τέθναμεν·
768 1306 833 1388 ἥδη
855 1305 919 1390 γάρ
937 1327 998 1370 του
1016 1307 1120 1388 ἔγωγε
1144 1304 1198 1370 καὶ

183 1415 309 1496 ἥκουσα
331 1425 399 1478 τῶν
426 1423 559 1496 σοφῶν,
587 1413 631 1489 ὡς
658 1419 723 1476 νῦν
750 1409 844 1494 ἡμεῖς
871 1409 1054 1494 τέθναμευ,
1082 1409 1138 1476 καὶ
1160 1413 1197 1476 τὸ

183 1515 245 1603 μέν
268 1519 362 1604 σῶμιί
381 1518 470 1585 ἐστιν
493 1518 573 1602 ἡμῖν
593 1525 692 1600 σῆμα,
714 1525 773 1600 της
796 1513 833 1582 δὲ
853 1526 960 1600 ψυχῆς
981 1525 1091 1598 τοῦτο,
1115 1515 1152 1581 ἐν
1172 1507 1197 1604 ᾧ

184 1624 359 1710 ἐπιθυμίαι
389 1626 467 1709 είσί,
498 1622 655 1707 τυγχάνει
688 1622 728 1689 ὃν
761 1614 834 1688 οἷον
867 1621 1113 1687 ἀναπείθεσθαι
1144 1622 1199 1688 καί
1213 1641 1288 1682 ιιεΚ.

184 1735 396 1816 μεταπίπτειν
420 1733 489 1795 ἀνω
513 1731 612 1815 κάτω,
636 1727 813 1794 καὶτοῦτο
838 1730 902 1814 ἀρα
923 1751 974 1804 τις
998 1733 1199 1812 μυθολογῶν

144 1857 170 1898 15
184 1841 311 1924 κομψὸς
348 1838 448 1922 ἀνήρ,
486 1842 565 1912 ἴσως
602 1837 775 1911 Σικελικός
811 1858 861 1911 τις
897 1833 917 1917 ἢ
946 1832 1104 1911 Ἰταλικός
1139 1858 1199 1917 τις,

184 1945 343 2031 παροίνιον
365 1951 411 2030 τῳ
435 1943 573 2026 ὀνόματι
597 1942 653 2006 διὰ
674 1942 712 2005 τὸ
735 1943 885 2005 πιθανόν
913 1963 948 2004 τε
970 1939 1026 2005 καὶ
1048 1942 1200 2007 πιστικὸν

184 2051 336 2132 ὠνόμασε
359 2051 478 2129 πίθον,
506 2049 585 2124 τοὺς
613 2042 650 2111 δὲ
672 2045 836 2129 ἀνοήτους
864 2045 1044 2130 ἀμυήτους·
1072 2057 1139 2112 τῶν
1163 2044 1199 2113 δέ

184 2156 335 2240 ἀνοήτων
362 2162 461 2219 τοῦτο
488 2162 546 2238 τῆς
572 2163 694 2239 ψυχῆς,
724 2149 765 2219 οὗ
794 2154 831 2218 αί
857 2153 1031 2238 ἐπιθυμίαι
1054 2155 1134 2237 είσί,
1161 2155 1199 2218 τὸ

185 2261 369 2326 ἀκόλαστον
393 2260 497 2326 αὐτοῦ
520 2257 575 2325 καὶ
599 2261 640 2325 οὐ
663 2263 837 2343 στεγανόν,
861 2261 905 2337 ὡς
928 2257 1126 2346 τετρημένος
1148 2265 1198 2342 είη
1215 2275 1292 2316 102A·

145 2386 171 2426 νο
184 2371 286 2444 πίθος
314 2368 369 2432 διδι
394 2368 457 2450 τὴν
486 2367 669 2450 ἀπληστίαν
697 2365 885 2443 ἀπεικάσας.
930 2367 1130 2432 τούναντίον
1159 2366 1200 2449 δη
1332 2375 1333 2452 ξ

185 2469 284 2550 οὗτος
306 2485 376 2550 τοῖς
397 2478 534 2549 πολλοῖς
552 2472 745 2556 ἀνθρώποις
765 2471 983 2554 ἐνδείκνυται,
1007 2472 1051 2548 ὡς
1073 2480 1140 2535 τῶν
1164 2471 1201 2535 ἐν

174 2581 310 2663 Ἅιδου,
339 2579 377 2644 τὸ
406 2575 513 2654 ἀειδὲς
541 2578 582 2661 δὴ
610 2576 732 2660 λέγων,
764 2573 858 2642 οὗτοι
886 2577 1090 2642 ἀθλιώτατοί
1115 2579 1201 2642 εἰσιν

185 2687 221 2751 οἱ
250 2686 406 2769 ἀμύητοι,
437 2681 492 2749 καί
524 2694 664 2769 φοροῖεν
696 2684 744 2760 είς
771 2685 831 2748 τὸν
863 2682 1064 2768 τετρημένου
1095 2687 1201 2748 πίθον

184 2790 278 2873 ὕδωρ
297 2789 397 2878 ἑτέρῳ
415 2790 556 2876 τοιούτῳ
579 2787 765 2876 τετρημένοι
784 2791 938 2876 κοσκίνῳ.
977 2790 1015 2853 τὸ
1036 2785 1073 2855 δέ
1091 2792 1202 2855 κόσκι·

145 2915 171 2955 2⁵
184 2920 248 2963 νον
270 2898 334 2982 ἀρα
360 2895 459 2978 λέγει,
484 2897 528 2972 ὡς
550 2897 614 2980 ἐφη
639 2895 656 2960 ὁ
679 2897 763 2980 πρὸς
786 2892 842 2981 ἐμὲ
865 2898 983 2979 λέγων,
1005 2897 1067 2979 τὴν
1090 2898 1202 2979 ψυχὴν

185 2997 284 3069 εἶναι·
307 3004 368 3086 τὴν
393 2999 430 3067 δέ
452 3003 564 3086 ψυχὴν
587 3005 730 3089 κοσκίνῳ
750 3001 906 3067 ἀπείκασε
928 3004 989 3086 τὴν
1011 3013 1080 3067 τῶν
1102 3001 1201 3084 ἀνοη-

184 3133 252 3174 των
271 3110 316 3187 ὡς
328 3107 542 3193 τετρημένην,
562 3109 617 3172 δίτε
637 3108 678 3173 οὐ
700 3105 892 3192 δυναμένην
911 3106 1041 3191 στέγειν
1061 3105 1104 3173 δι’
1128 3107 1202 3172 ἀπι-

275 3273 300 3321 4.
319 3285 346 3336 p.
366 3270 410 3333 85,
425 3271 459 3321 26
478 3264 550 3319 Plat.
570 3263 654 3335 Gorg.
674 3283 700 3333 p.
715 3269 768 3319 492
779 3262 892 3318 Ε-494
902 3263 932 3317 Β.

276 3413 309 3459 13
328 3400 362 3459 δν
382 3404 442 3459 οἷον
457 3404 518 3458 PA:
536 3401 634 3474 ὅμοιον
653 3407 663 3474 ΙΙ
682 3409 715 3457 15
734 3405 800 3464 ἴσως
817 3403 877 3457 PA:
900 3401 959 3465 ἶσος
976 3405 986 3472 ΙΙ
1006 3409 1039 3458 16
1058 3399 1201 3474 πεπτικὸν]

187 3473 227 3528 sie
245 3476 254 3542 ΙΙ
273 3481 307 3528 22
326 3471 415 3543 ἀηδὲς
432 3477 441 3542 fl
460 3473 542 3544 εἰσιν]
563 3474 649 3529 immo
668 3471 728 3528 εἷεν
748 3473 793 3542 (cf.
814 3472 910 3542 Cobet,
930 3474 1080 3531 Mnemos.²
1098 3473 1124 3527 ΙΙ
1140 3481 1200 3530 138.

187 3543 265 3598 ειοο.
286 3544 358 3600 εισι.
380 3548 440 3610 ιιι,
456 3545 509 3610 τε).
