<?xml version="1.0" encoding="UTF-8"?>
<!DOCTYPE html PUBLIC "-//W3C//DTD XHTML 1.0 Transitional//EN"
    "http://www.w3.org/TR/xhtml1/DTD/xhtml1-transitional.dtd">
<html xmlns="http://www.w3.org/1999/xhtml" xml:lang="en" lang="en">
 <head>
  <title>
</title>
<meta http-equiv="Content-Type" content="text/html;charset=utf-8" />
  <meta name='ocr-system' content='tesseract 3.04.00' />
  <meta name='ocr-capabilities' content='ocr_page ocr_carea ocr_par ocr_line ocrx_word'/>
</head>
<body>
  <div class='ocr_page' id='page_1' title='image "./iamblichiprotre02jambgoog_0082.png"; bbox 0 0 2674 3932; ppageno 0'>
   <div class='ocr_carea' id='block_1_1' title="bbox 637 0 1212 1">
    <p class='ocr_par' dir='ltr' id='par_1_1' title="bbox 637 0 1212 1">
     <span class='ocr_line' id='line_1_1' title="bbox 637 0 1212 1; baseline 0 0"><span class='ocrx_word' id='word_1_1' title='bbox 637 0 1212 1; x_wconf 95' lang='lat' dir='ltr'><strong><em> </em></strong></span> 
     </span>
    </p>
   </div>
   <div class='ocr_carea' id='block_1_2' title="bbox 426 195 1146 264">
    <p class='ocr_par' dir='ltr' id='par_1_2' title="bbox 426 195 1146 264">
     <span class='ocr_line' id='line_1_2' title="bbox 426 195 1146 264; baseline 0.017 -15"><span class='ocrx_word' id='word_1_2' title='bbox 426 195 701 252; x_wconf 82' lang='lat' dir='ltr'>PROTREPTICUS</span> <span class='ocrx_word' id='word_1_3' title='bbox 720 198 753 264; x_wconf 80' lang='lat' dir='ltr'><strong><em>(c.</em></strong></span> <span class='ocrx_word' id='word_1_4' title='bbox 768 195 854 264; x_wconf 82' lang='lat' dir='ltr'><strong>XIII).</strong></span> <span class='ocrx_word' id='word_1_5' title='bbox 1103 197 1146 261; x_wconf 82' lang='lat'><strong><em>63</em></strong></span> 
     </span>
    </p>
   </div>
   <div class='ocr_carea' id='block_1_3' title="bbox 6 353 1188 3190">
    <p class='ocr_par' dir='ltr' id='par_1_3' title="bbox 6 353 1188 3190">
     <span class='ocr_line' id='line_1_3' title="bbox 224 353 1147 440; baseline 0.005 -22"><span class='ocrx_word' id='word_1_6' title='bbox 224 355 381 421; x_wconf 78' lang='grc' dir='ltr'><em>Μάλιστα</em></span> <span class='ocrx_word' id='word_1_7' title='bbox 401 353 438 422; x_wconf 71' lang='grc' dir='ltr'><strong><em>δὲ</em></strong></span> <span class='ocrx_word' id='word_1_8' title='bbox 456 359 664 423; x_wconf 81' lang='grc' dir='ltr'><strong><em>ἔσταιτοῦτο</em></strong></span> <span class='ocrx_word' id='word_1_9' title='bbox 685 356 787 440; x_wconf 80' lang='grc' dir='ltr'><strong><em>δῆλον</em></strong></span> <span class='ocrx_word' id='word_1_10' title='bbox 801 355 864 421; x_wconf 88' lang='grc' dir='ltr'><strong><em>ἀπὸ</em></strong></span> <span class='ocrx_word' id='word_1_11' title='bbox 886 366 943 440; x_wconf 80' lang='grc' dir='ltr'><strong><em>τῆς</em></strong></span> <span class='ocrx_word' id='word_1_12' title='bbox 960 367 1027 421; x_wconf 88' lang='grc' dir='ltr'><strong><em>τῶν</em></strong></span> <span class='ocrx_word' id='word_1_13' title='bbox 1046 358 1147 423; x_wconf 80' lang='grc' dir='ltr'><strong><em>εἰδῶν</em></strong></span> 
     </span>
     <span class='ocr_line' id='line_1_4' title="bbox 59 460 1146 548; baseline 0.007 -28"><span class='ocrx_word' id='word_1_14' title='bbox 59 479 122 520; x_wconf 70' lang='lat' dir='ltr'><strong><em>m.</em></strong></span> <span class='ocrx_word' id='word_1_15' title='bbox 136 461 289 544; x_wconf 85' lang='grc' dir='ltr'><strong><em>θεωρίας.</em></strong></span> <span class='ocrx_word' id='word_1_16' title='bbox 332 463 370 527; x_wconf 89' lang='grc' dir='ltr'><strong><em>τὸ</em></strong></span> <span class='ocrx_word' id='word_1_17' title='bbox 389 464 451 548; x_wconf 82' lang='grc' dir='ltr'><strong><em>γάρ</em></strong></span> <span class='ocrx_word' id='word_1_18' title='bbox 476 463 607 528; x_wconf 89' lang='grc' dir='ltr'><strong><em>δίκαιον</em></strong></span> <span class='ocrx_word' id='word_1_19' title='bbox 630 462 711 527; x_wconf 83' lang='grc' dir='ltr'><strong><em>αὐτὸ</em></strong></span> <span class='ocrx_word' id='word_1_20' title='bbox 734 460 789 527; x_wconf 82' lang='grc' dir='ltr'><strong><em>καὶ</em></strong></span> <span class='ocrx_word' id='word_1_21' title='bbox 810 463 914 528; x_wconf 89' lang='grc' dir='ltr'><strong><em>καλὸν</em></strong></span> <span class='ocrx_word' id='word_1_22' title='bbox 937 460 992 526; x_wconf 82' lang='grc' dir='ltr'><strong><em>καὶ</em></strong></span> <span class='ocrx_word' id='word_1_23' title='bbox 1015 462 1146 545; x_wconf 90' lang='grc' dir='ltr'><strong><em>ἀγαθὸν</em></strong></span> 
     </span>
     <span class='ocr_line' id='line_1_5' title="bbox 6 544 1150 653; baseline 0.004 -24"><span class='ocrx_word' id='word_1_24' title='bbox 6 544 9 570; x_wconf 40' lang='grc' dir='ltr'><strong>ι</strong></span> <span class='ocrx_word' id='word_1_25' title='bbox 102 571 105 584; x_wconf 85' lang='grc'><strong>“</strong></span> <span class='ocrx_word' id='word_1_26' title='bbox 134 563 191 630; x_wconf 80' lang='grc' dir='ltr'><strong><em>καὶ</em></strong></span> <span class='ocrx_word' id='word_1_27' title='bbox 208 565 315 631; x_wconf 89' lang='grc' dir='ltr'><strong><em>πάντα</em></strong></span> <span class='ocrx_word' id='word_1_28' title='bbox 334 559 383 645; x_wconf 78' lang='grc' dir='ltr'><strong><em>οἷς</em></strong></span> <span class='ocrx_word' id='word_1_29' title='bbox 402 567 706 653; x_wconf 75' lang='grc' dir='ltr'><strong><em>ἐπισφραγιζόμεθα</em></strong></span> <span class='ocrx_word' id='word_1_30' title='bbox 723 569 760 633; x_wconf 92' lang='grc' dir='ltr'><strong><em>τὸ</em></strong></span> <span class='ocrx_word' id='word_1_31' title='bbox 780 568 798 633; x_wconf 85' lang='grc' dir='ltr'>ὅ</span> <span class='ocrx_word' id='word_1_32' title='bbox 816 566 916 649; x_wconf 89' lang='grc' dir='ltr'><strong><em>ἐστιν,</em></strong></span> <span class='ocrx_word' id='word_1_33' title='bbox 936 567 1150 634; x_wconf 81' lang='grc' dir='ltr'><strong><em>οὐδεπώποτέ</em></strong></span> 
     </span>
     <span class='ocr_line' id='line_1_6' title="bbox 135 669 1147 759; baseline 0.001 -24"><span class='ocrx_word' id='word_1_34' title='bbox 135 694 185 748; x_wconf 90' lang='grc' dir='ltr'><strong><em>τις</em></strong></span> <span class='ocrx_word' id='word_1_35' title='bbox 211 683 280 749; x_wconf 80' lang='grc' dir='ltr'><strong><em>τοῖς</em></strong></span> <span class='ocrx_word' id='word_1_36' title='bbox 308 672 498 758; x_wconf 74' lang='grc' dir='ltr'><strong><em>ὀφθαλμοῖς</em></strong></span> <span class='ocrx_word' id='word_1_37' title='bbox 526 669 632 756; x_wconf 77' lang='grc' dir='ltr'><strong><em>εἶδεν,</em></strong></span> <span class='ocrx_word' id='word_1_38' title='bbox 665 669 745 738; x_wconf 66' lang='grc' dir='ltr'><strong><em>οὐδὲ</em></strong></span> <span class='ocrx_word' id='word_1_39' title='bbox 777 674 860 759; x_wconf 87' lang='grc' dir='ltr'><strong><em>άλλη</em></strong></span> <span class='ocrx_word' id='word_1_40' title='bbox 892 671 959 738; x_wconf 83' lang='grc' dir='ltr'><strong><em>τινὶ</em></strong></span> <span class='ocrx_word' id='word_1_41' title='bbox 991 673 1147 755; x_wconf 82' lang='grc' dir='ltr'><strong><em>αίσθήσει</em></strong></span> 
     </span>
     <span class='ocr_line' id='line_1_7' title="bbox 135 774 1173 864; baseline 0.001 -23"><span class='ocrx_word' id='word_1_42' title='bbox 135 788 202 843; x_wconf 88' lang='grc' dir='ltr'><strong><em>τῶν</em></strong></span> <span class='ocrx_word' id='word_1_43' title='bbox 235 780 291 844; x_wconf 85' lang='grc' dir='ltr'><strong><em>διά</em></strong></span> <span class='ocrx_word' id='word_1_44' title='bbox 322 788 383 844; x_wconf 89' lang='grc' dir='ltr'><strong><em>τοῦ</em></strong></span> <span class='ocrx_word' id='word_1_45' title='bbox 415 781 566 864; x_wconf 84' lang='grc' dir='ltr'><strong><em>σώματος</em></strong></span> <span class='ocrx_word' id='word_1_46' title='bbox 596 778 747 863; x_wconf 76' lang='grc' dir='ltr'><strong><em>ἐφήψατο</em></strong></span> <span class='ocrx_word' id='word_1_47' title='bbox 780 779 905 862; x_wconf 80' lang='grc' dir='ltr'><strong><em>αὐτῶν,</em></strong></span> <span class='ocrx_word' id='word_1_48' title='bbox 938 774 1008 844; x_wconf 83' lang='grc' dir='ltr'><strong><em>ἀλλ’</em></strong></span> <span class='ocrx_word' id='word_1_49' title='bbox 1041 777 1077 855; x_wconf 88' lang='grc' dir='ltr'><strong><em>ὃς</em></strong></span> <span class='ocrx_word' id='word_1_50' title='bbox 1105 777 1173 843; x_wconf 75' lang='grc' dir='ltr'><strong><em>ἀνι</em></strong></span> 
     </span>
     <span class='ocr_line' id='line_1_8' title="bbox 41 882 1146 971; baseline 0.005 -28"><span class='ocrx_word' id='word_1_51' title='bbox 41 901 121 944; x_wconf 75' lang='grc' dir='ltr'><strong><em>ιεεκ.</em></strong></span> <span class='ocrx_word' id='word_1_52' title='bbox 136 883 276 967; x_wconf 92' lang='grc' dir='ltr'><strong><em>μάλιστα</em></strong></span> <span class='ocrx_word' id='word_1_53' title='bbox 305 883 400 968; x_wconf 76' lang='grc' dir='ltr'><strong><em>ἡμῶν</em></strong></span> <span class='ocrx_word' id='word_1_54' title='bbox 422 883 477 950; x_wconf 81' lang='grc' dir='ltr'><strong><em>καὶ</em></strong></span> <span class='ocrx_word' id='word_1_55' title='bbox 504 883 721 971; x_wconf 81' lang='grc' dir='ltr'><strong><em>ἀκριβέστατα</em></strong></span> <span class='ocrx_word' id='word_1_56' title='bbox 747 885 1038 971; x_wconf 78' lang='grc' dir='ltr'><strong><em>παρασκευάσηται</em></strong></span> <span class='ocrx_word' id='word_1_57' title='bbox 1065 882 1146 949; x_wconf 84' lang='grc' dir='ltr'><strong><em>αὐτὸ</em></strong></span> 
     </span>
     <span class='ocr_line' id='line_1_9' title="bbox 135 985 1147 1076; baseline 0 -22"><span class='ocrx_word' id='word_1_58' title='bbox 135 987 275 1055; x_wconf 71' lang='grc' dir='ltr'><strong><em>ἕκαστον</em></strong></span> <span class='ocrx_word' id='word_1_59' title='bbox 298 991 523 1074; x_wconf 78' lang='grc' dir='ltr'><strong><em>διανοηθῆναι</em></strong></span> <span class='ocrx_word' id='word_1_60' title='bbox 545 989 621 1076; x_wconf 85' lang='grc' dir='ltr'><strong><em>περὶ</em></strong></span> <span class='ocrx_word' id='word_1_61' title='bbox 644 986 685 1056; x_wconf 88' lang='grc' dir='ltr'><strong><em>οὗ</em></strong></span> <span class='ocrx_word' id='word_1_62' title='bbox 708 1001 839 1074; x_wconf 79' lang='grc' dir='ltr'><strong><em>σκοπεῖ,</em></strong></span> <span class='ocrx_word' id='word_1_63' title='bbox 866 985 964 1068; x_wconf 87' lang='grc' dir='ltr'><strong><em>οὗτος</em></strong></span> <span class='ocrx_word' id='word_1_64' title='bbox 987 988 1028 1056; x_wconf 81' lang='grc' dir='ltr'><strong><em>ἀν</em></strong></span> <span class='ocrx_word' id='word_1_65' title='bbox 1051 989 1147 1074; x_wconf 92' lang='grc' dir='ltr'><strong><em>ἐγγύ-</em></strong></span> 
     </span>
     <span class='ocr_line' id='line_1_10' title="bbox 134 1095 1146 1179; baseline 0.001 -20"><span class='ocrx_word' id='word_1_66' title='bbox 134 1117 215 1160; x_wconf 89' lang='grc' dir='ltr'><strong><em>τατα</em></strong></span> <span class='ocrx_word' id='word_1_67' title='bbox 234 1101 280 1161; x_wconf 85' lang='grc' dir='ltr'><strong><em>ίοι</em></strong></span> <span class='ocrx_word' id='word_1_68' title='bbox 298 1103 359 1162; x_wconf 84' lang='grc' dir='ltr'><strong><em>τοῦ</em></strong></span> <span class='ocrx_word' id='word_1_69' title='bbox 376 1108 504 1179; x_wconf 89' lang='grc' dir='ltr'><strong><em>γνῶναι</em></strong></span> <span class='ocrx_word' id='word_1_70' title='bbox 522 1096 670 1162; x_wconf 81' lang='grc' dir='ltr'><strong><em>ἕκαστον.</em></strong></span> <span class='ocrx_word' id='word_1_71' title='bbox 709 1096 834 1162; x_wconf 83' lang='grc' dir='ltr'><strong><em>οὐκοῦν</em></strong></span> <span class='ocrx_word' id='word_1_72' title='bbox 849 1095 974 1173; x_wconf 82' lang='grc' dir='ltr'><strong><em>ἐκεῖνος</em></strong></span> <span class='ocrx_word' id='word_1_73' title='bbox 992 1095 1034 1161; x_wconf 87' lang='grc' dir='ltr'><strong><em>άν</em></strong></span> <span class='ocrx_word' id='word_1_74' title='bbox 1047 1104 1146 1161; x_wconf 89' lang='grc' dir='ltr'><strong><em>τοῦτο</em></strong></span> 
     </span>
     <span class='ocr_line' id='line_1_11' title="bbox 135 1201 1146 1289; baseline 0.001 -24"><span class='ocrx_word' id='word_1_75' title='bbox 135 1205 304 1286; x_wconf 83' lang='grc' dir='ltr'><strong><em>ποιήσειεν</em></strong></span> <span class='ocrx_word' id='word_1_76' title='bbox 335 1205 572 1289; x_wconf 76' lang='grc' dir='ltr'><strong><em>καθαρώτατα,</em></strong></span> <span class='ocrx_word' id='word_1_77' title='bbox 605 1204 696 1280; x_wconf 81' lang='grc' dir='ltr'><strong><em>ὅστις</em></strong></span> <span class='ocrx_word' id='word_1_78' title='bbox 723 1202 741 1267; x_wconf 84' lang='grc' dir='ltr'>ὅ</span> <span class='ocrx_word' id='word_1_79' title='bbox 769 1226 801 1267; x_wconf 92' lang='grc' dir='ltr'><strong><em>τι</em></strong></span> <span class='ocrx_word' id='word_1_80' title='bbox 830 1202 970 1287; x_wconf 89' lang='grc' dir='ltr'><strong><em>μάλιστα</em></strong></span> <span class='ocrx_word' id='word_1_81' title='bbox 997 1201 1080 1287; x_wconf 72' lang='grc' dir='ltr'><strong><em>αὐτῇ</em></strong></span> <span class='ocrx_word' id='word_1_82' title='bbox 1107 1210 1146 1287; x_wconf 74' lang='grc' dir='ltr'><strong><em>τῇ</em></strong></span> 
     </span>
     <span class='ocr_line' id='line_1_12' title="bbox 137 1304 1184 1394; baseline -0.002 -24"><span class='ocrx_word' id='word_1_83' title='bbox 137 1307 270 1394; x_wconf 75' lang='grc' dir='ltr'><strong><em>διανοίᾳ</em></strong></span> <span class='ocrx_word' id='word_1_84' title='bbox 290 1314 335 1373; x_wconf 83' lang='grc' dir='ltr'><strong><em>ίοι</em></strong></span> <span class='ocrx_word' id='word_1_85' title='bbox 354 1304 408 1394; x_wconf 85' lang='grc' dir='ltr'><strong><em>ἐφ’</em></strong></span> <span class='ocrx_word' id='word_1_86' title='bbox 430 1308 580 1391; x_wconf 80' lang='grc' dir='ltr'><strong><em>ἕκαστον,</em></strong></span> <span class='ocrx_word' id='word_1_87' title='bbox 604 1311 685 1393; x_wconf 80' lang='grc' dir='ltr'><strong><em>μήτε</em></strong></span> <span class='ocrx_word' id='word_1_88' title='bbox 701 1309 763 1392; x_wconf 76' lang='grc' dir='ltr'><strong><em>τὴν</em></strong></span> <span class='ocrx_word' id='word_1_89' title='bbox 782 1309 862 1386; x_wconf 75' lang='grc' dir='ltr'><strong><em>ὄψιν</em></strong></span> <span class='ocrx_word' id='word_1_90' title='bbox 880 1306 1145 1393; x_wconf 78' lang='grc' dir='ltr'><strong><em>παρατιθέμενος</em></strong></span> <span class='ocrx_word' id='word_1_91' title='bbox 1159 1330 1184 1369; x_wconf 88' lang='lat'><strong><em>10</em></strong></span> 
     </span>
     <span class='ocr_line' id='line_1_13' title="bbox 137 1411 1147 1501; baseline 0.005 -26"><span class='ocrx_word' id='word_1_92' title='bbox 137 1411 174 1476; x_wconf 88' lang='grc' dir='ltr'><strong><em>ἐν</em></strong></span> <span class='ocrx_word' id='word_1_93' title='bbox 192 1420 238 1501; x_wconf 78' lang='grc' dir='ltr'><strong><em>τῷ</em></strong></span> <span class='ocrx_word' id='word_1_94' title='bbox 253 1414 464 1480; x_wconf 79' lang='grc' dir='ltr'><strong><em>διανοεῖσθαι</em></strong></span> <span class='ocrx_word' id='word_1_95' title='bbox 482 1418 562 1499; x_wconf 75' lang='grc' dir='ltr'><strong><em>μήτε</em></strong></span> <span class='ocrx_word' id='word_1_96' title='bbox 581 1416 687 1498; x_wconf 86' lang='grc' dir='ltr'><strong><em>άλλην</em></strong></span> <span class='ocrx_word' id='word_1_97' title='bbox 701 1420 862 1498; x_wconf 73' lang='grc' dir='ltr'><strong><em>αἴσθησιν</em></strong></span> <span class='ocrx_word' id='word_1_98' title='bbox 880 1413 1029 1498; x_wconf 80' lang='grc' dir='ltr'><strong><em>ἐφέλκων</em></strong></span> <span class='ocrx_word' id='word_1_99' title='bbox 1048 1417 1147 1499; x_wconf 91' lang='grc' dir='ltr'><strong><em>μηδε-</em></strong></span> 
     </span>
     <span class='ocr_line' id='line_1_14' title="bbox 136 1514 1147 1604; baseline 0.004 -22"><span class='ocrx_word' id='word_1_100' title='bbox 136 1519 216 1599; x_wconf 92' lang='grc' dir='ltr'><strong><em>μίαν</em></strong></span> <span class='ocrx_word' id='word_1_101' title='bbox 239 1521 319 1602; x_wconf 83' lang='grc' dir='ltr'><strong><em>μετά</em></strong></span> <span class='ocrx_word' id='word_1_102' title='bbox 341 1529 403 1584; x_wconf 84' lang='grc' dir='ltr'><strong><em>τοῦ</em></strong></span> <span class='ocrx_word' id='word_1_103' title='bbox 426 1525 604 1604; x_wconf 80' lang='grc' dir='ltr'><strong><em>λογισμοῦ,</em></strong></span> <span class='ocrx_word' id='word_1_104' title='bbox 632 1515 704 1584; x_wconf 91' lang='grc' dir='ltr'><strong><em>ἀλλ’</em></strong></span> <span class='ocrx_word' id='word_1_105' title='bbox 731 1519 814 1603; x_wconf 70' lang='grc' dir='ltr'><strong><em>αὐτῇ</em></strong></span> <span class='ocrx_word' id='word_1_106' title='bbox 836 1514 915 1583; x_wconf 85' lang='grc' dir='ltr'><strong><em>καθ’</em></strong></span> <span class='ocrx_word' id='word_1_107' title='bbox 941 1520 1046 1602; x_wconf 81' lang='grc' dir='ltr'><strong><em>αὑτὴν</em></strong></span> <span class='ocrx_word' id='word_1_108' title='bbox 1069 1522 1147 1586; x_wconf 88' lang='grc' dir='ltr'><strong><em>είλι-</em></strong></span> 
     </span>
     <span class='ocr_line' id='line_1_15' title="bbox 135 1621 1148 1711; baseline 0.002 -24"><span class='ocrx_word' id='word_1_109' title='bbox 135 1633 245 1707; x_wconf 78' lang='grc' dir='ltr'><strong><em>κρινεῖ</em></strong></span> <span class='ocrx_word' id='word_1_110' title='bbox 263 1633 303 1708; x_wconf 71' lang='grc' dir='ltr'><strong><em>τῇ</em></strong></span> <span class='ocrx_word' id='word_1_111' title='bbox 327 1625 459 1711; x_wconf 75' lang='grc' dir='ltr'><strong><em>διανοίᾳ</em></strong></span> <span class='ocrx_word' id='word_1_112' title='bbox 481 1626 651 1709; x_wconf 87' lang='grc' dir='ltr'><strong><em>χρώμενος</em></strong></span> <span class='ocrx_word' id='word_1_113' title='bbox 674 1624 754 1689; x_wconf 89' lang='grc' dir='ltr'><strong><em>αύτὸ</em></strong></span> <span class='ocrx_word' id='word_1_114' title='bbox 772 1621 851 1688; x_wconf 88' lang='grc' dir='ltr'><strong><em>καθ’</em></strong></span> <span class='ocrx_word' id='word_1_115' title='bbox 874 1623 955 1690; x_wconf 88' lang='grc' dir='ltr'><strong><em>αὑτὸ</em></strong></span> <span class='ocrx_word' id='word_1_116' title='bbox 974 1621 1148 1708; x_wconf 76' lang='grc' dir='ltr'><strong><em>εἰλικρινὲς</em></strong></span> 
     </span>
     <span class='ocr_line' id='line_1_16' title="bbox 135 1727 1148 1814; baseline 0.001 -22"><span class='ocrx_word' id='word_1_117' title='bbox 135 1727 276 1794; x_wconf 77' lang='grc' dir='ltr'><strong><em>ἕκαστον</em></strong></span> <span class='ocrx_word' id='word_1_118' title='bbox 303 1729 482 1814; x_wconf 77' lang='grc' dir='ltr'><strong><em>ἐπιχειροίη</em></strong></span> <span class='ocrx_word' id='word_1_119' title='bbox 510 1731 672 1813; x_wconf 77' lang='grc' dir='ltr'><strong><em>θηρεύειν</em></strong></span> <span class='ocrx_word' id='word_1_120' title='bbox 698 1738 765 1794; x_wconf 90' lang='grc' dir='ltr'><strong><em>τῶν</em></strong></span> <span class='ocrx_word' id='word_1_121' title='bbox 795 1730 918 1811; x_wconf 77' lang='grc' dir='ltr'><strong><em>ὄντων,</em></strong></span> <span class='ocrx_word' id='word_1_122' title='bbox 949 1727 1148 1812; x_wconf 81' lang='grc' dir='ltr'><strong><em>ἀπαλλαγεὶς</em></strong></span> 
     </span>
     <span class='ocr_line' id='line_1_17' title="bbox 6 1832 1187 1920; baseline 0.004 -23"><span class='ocrx_word' id='word_1_123' title='bbox 6 1887 11 1898; x_wconf 86' lang='grc'><strong><em>,</em></strong></span> <span class='ocrx_word' id='word_1_124' title='bbox 136 1834 200 1898; x_wconf 85' lang='grc' dir='ltr'><strong><em>ὅτι</em></strong></span> <span class='ocrx_word' id='word_1_125' title='bbox 219 1835 359 1918; x_wconf 89' lang='grc' dir='ltr'><strong><em>μάλιστα</em></strong></span> <span class='ocrx_word' id='word_1_126' title='bbox 378 1835 565 1920; x_wconf 81' lang='grc' dir='ltr'><strong><em>ὀφθαλμῶν</em></strong></span> <span class='ocrx_word' id='word_1_127' title='bbox 583 1833 687 1900; x_wconf 84' lang='grc' dir='ltr'><strong><em>τεκαὶ</em></strong></span> <span class='ocrx_word' id='word_1_128' title='bbox 702 1835 796 1899; x_wconf 84' lang='grc' dir='ltr'><strong><em>ῶτων</em></strong></span> <span class='ocrx_word' id='word_1_129' title='bbox 810 1832 865 1898; x_wconf 83' lang='grc' dir='ltr'><strong><em>καὶ</em></strong></span> <span class='ocrx_word' id='word_1_130' title='bbox 884 1835 929 1911; x_wconf 83' lang='grc' dir='ltr'><strong><em>ὥς</em></strong></span> <span class='ocrx_word' id='word_1_131' title='bbox 946 1836 1024 1910; x_wconf 86' lang='grc' dir='ltr'><strong><em>ἐπος</em></strong></span> <span class='ocrx_word' id='word_1_132' title='bbox 1042 1835 1147 1902; x_wconf 79' lang='grc' dir='ltr'><strong><em>εἰπεῖν</em></strong></span> <span class='ocrx_word' id='word_1_133' title='bbox 1161 1853 1187 1894; x_wconf 75' lang='lat'><strong><em>15</em></strong></span> 
     </span>
     <span class='ocr_line' id='line_1_18' title="bbox 137 1936 1148 2027; baseline 0.003 -23"><span class='ocrx_word' id='word_1_134' title='bbox 137 1936 324 2024; x_wconf 76' lang='grc' dir='ltr'><strong><em>ξύμπαντος</em></strong></span> <span class='ocrx_word' id='word_1_135' title='bbox 336 1950 397 2007; x_wconf 91' lang='grc' dir='ltr'><strong><em>τοῦ</em></strong></span> <span class='ocrx_word' id='word_1_136' title='bbox 411 1943 571 2027; x_wconf 84' lang='grc' dir='ltr'><strong><em>σώματος,</em></strong></span> <span class='ocrx_word' id='word_1_137' title='bbox 591 1942 636 2019; x_wconf 80' lang='grc' dir='ltr'><strong><em>ὡς</em></strong></span> <span class='ocrx_word' id='word_1_138' title='bbox 649 1941 869 2026; x_wconf 76' lang='grc' dir='ltr'><strong><em>ταράττοντος</em></strong></span> <span class='ocrx_word' id='word_1_139' title='bbox 881 1938 937 2005; x_wconf 83' lang='grc' dir='ltr'><strong><em>καὶ</em></strong></span> <span class='ocrx_word' id='word_1_140' title='bbox 952 1939 1012 2006; x_wconf 85' lang='grc' dir='ltr'><strong><em>οὐκ</em></strong></span> <span class='ocrx_word' id='word_1_141' title='bbox 1026 1940 1148 2019; x_wconf 85' lang='grc' dir='ltr'><strong><em>ἐῶντος</em></strong></span> 
     </span>
     <span class='ocr_line' id='line_1_19' title="bbox 7 2043 1147 2132; baseline 0.004 -24"><span class='ocrx_word' id='word_1_142' title='bbox 7 2053 8 2062; x_wconf 75' lang='grc'>’</span> <span class='ocrx_word' id='word_1_143' title='bbox 135 2046 197 2128; x_wconf 82' lang='grc' dir='ltr'><strong><em>την</em></strong></span> <span class='ocrx_word' id='word_1_144' title='bbox 220 2048 331 2130; x_wconf 74' lang='grc' dir='ltr'><strong><em>ψυχὴν</em></strong></span> <span class='ocrx_word' id='word_1_145' title='bbox 349 2050 536 2131; x_wconf 83' lang='grc' dir='ltr'><strong><em>κτήσασθαι</em></strong></span> <span class='ocrx_word' id='word_1_146' title='bbox 559 2046 721 2132; x_wconf 83' lang='grc' dir='ltr'><strong><em>ἀλήθειάν</em></strong></span> <span class='ocrx_word' id='word_1_147' title='bbox 739 2069 774 2112; x_wconf 87' lang='grc' dir='ltr'><strong><em>τε</em></strong></span> <span class='ocrx_word' id='word_1_148' title='bbox 792 2043 847 2112; x_wconf 82' lang='grc' dir='ltr'><strong><em>καὶ</em></strong></span> <span class='ocrx_word' id='word_1_149' title='bbox 866 2048 1043 2132; x_wconf 87' lang='grc' dir='ltr'><strong><em>φρόνησιν,</em></strong></span> <span class='ocrx_word' id='word_1_150' title='bbox 1067 2048 1147 2113; x_wconf 86' lang='grc' dir='ltr'><strong><em>ὅταν</em></strong></span> 
     </span>
     <span class='ocr_line' id='line_1_20' title="bbox 137 2148 1147 2238; baseline 0.004 -24"><span class='ocrx_word' id='word_1_151' title='bbox 137 2160 291 2236; x_wconf 76' lang='grc' dir='ltr'><strong><em>κοινωνῇ.</em></strong></span> <span class='ocrx_word' id='word_1_152' title='bbox 338 2148 437 2230; x_wconf 86' lang='grc' dir='ltr'><strong><em>οὗτος</em></strong></span> <span class='ocrx_word' id='word_1_153' title='bbox 458 2154 522 2238; x_wconf 92' lang='grc' dir='ltr'><strong><em>γάρ</em></strong></span> <span class='ocrx_word' id='word_1_154' title='bbox 547 2152 654 2236; x_wconf 89' lang='grc' dir='ltr'><strong><em>ἐστιν,</em></strong></span> <span class='ocrx_word' id='word_1_155' title='bbox 678 2158 768 2237; x_wconf 85' lang='grc' dir='ltr'><strong><em>είπερ</em></strong></span> <span class='ocrx_word' id='word_1_156' title='bbox 791 2175 841 2229; x_wconf 87' lang='grc' dir='ltr'><strong><em>τις</em></strong></span> <span class='ocrx_word' id='word_1_157' title='bbox 863 2154 972 2236; x_wconf 83' lang='grc' dir='ltr'><strong><em>ἀλλος,</em></strong></span> <span class='ocrx_word' id='word_1_158' title='bbox 996 2152 1014 2217; x_wconf 88' lang='grc' dir='ltr'><strong><em>δ</em></strong></span> <span class='ocrx_word' id='word_1_159' title='bbox 1037 2152 1147 2230; x_wconf 83' lang='grc' dir='ltr'><strong><em>τευξό-</em></strong></span> 
     </span>
     <span class='ocr_line' id='line_1_21' title="bbox 136 2253 1147 2342; baseline 0.001 -21"><span class='ocrx_word' id='word_1_160' title='bbox 136 2279 236 2340; x_wconf 91' lang='grc' dir='ltr'><strong><em>μενος</em></strong></span> <span class='ocrx_word' id='word_1_161' title='bbox 257 2265 318 2323; x_wconf 87' lang='grc' dir='ltr'><strong><em>τοῦ</em></strong></span> <span class='ocrx_word' id='word_1_162' title='bbox 342 2260 448 2335; x_wconf 79' lang='grc' dir='ltr'><strong><em>ὄντος.</em></strong></span> <span class='ocrx_word' id='word_1_163' title='bbox 492 2258 619 2342; x_wconf 88' lang='grc' dir='ltr'><strong><em>ἀνάγκη</em></strong></span> <span class='ocrx_word' id='word_1_164' title='bbox 644 2259 685 2342; x_wconf 79' lang='grc' dir='ltr'><strong><em>δη</em></strong></span> <span class='ocrx_word' id='word_1_165' title='bbox 713 2253 777 2323; x_wconf 84' lang='grc' dir='ltr'><strong><em>οὖν</em></strong></span> <span class='ocrx_word' id='word_1_166' title='bbox 800 2257 836 2323; x_wconf 89' lang='grc' dir='ltr'><strong><em>ἐκ</em></strong></span> <span class='ocrx_word' id='word_1_167' title='bbox 861 2258 995 2324; x_wconf 86' lang='grc' dir='ltr'><strong><em>πάντων</em></strong></span> <span class='ocrx_word' id='word_1_168' title='bbox 1018 2258 1147 2323; x_wconf 86' lang='grc' dir='ltr'><strong><em>τούτων</em></strong></span> 
     </span>
     <span class='ocr_line' id='line_1_22' title="bbox 136 2362 1188 2448; baseline 0.002 -21"><span class='ocrx_word' id='word_1_169' title='bbox 136 2365 363 2447; x_wconf 88' lang='grc' dir='ltr'><strong><em>παρίστασθαι</em></strong></span> <span class='ocrx_word' id='word_1_170' title='bbox 392 2362 494 2442; x_wconf 85' lang='grc' dir='ltr'><strong><em>δόξαν</em></strong></span> <span class='ocrx_word' id='word_1_171' title='bbox 522 2363 654 2429; x_wconf 80' lang='grc' dir='ltr'><strong><em>τοιάνδε</em></strong></span> <span class='ocrx_word' id='word_1_172' title='bbox 682 2365 757 2428; x_wconf 89' lang='grc' dir='ltr'><strong><em>τινά</em></strong></span> <span class='ocrx_word' id='word_1_173' title='bbox 784 2373 854 2441; x_wconf 80' lang='grc' dir='ltr'><strong><em>τοις</em></strong></span> <span class='ocrx_word' id='word_1_174' title='bbox 879 2366 1030 2448; x_wconf 80' lang='grc' dir='ltr'><strong><em>γνησίοις</em></strong></span> <span class='ocrx_word' id='word_1_175' title='bbox 1052 2368 1147 2447; x_wconf 85' lang='grc' dir='ltr'><strong><em>φιλο·</em></strong></span> <span class='ocrx_word' id='word_1_176' title='bbox 1161 2382 1188 2421; x_wconf 74' lang='lat'><strong><em>20</em></strong></span> 
     </span>
     <span class='ocr_line' id='line_1_23' title="bbox 138 2466 1146 2553; baseline 0.002 -20"><span class='ocrx_word' id='word_1_177' title='bbox 138 2470 266 2552; x_wconf 89' lang='grc' dir='ltr'><strong><em>σόφοις,</em></strong></span> <span class='ocrx_word' id='word_1_178' title='bbox 291 2467 452 2535; x_wconf 82' lang='grc' dir='ltr'><strong><em>ὥστεκαὶ</em></strong></span> <span class='ocrx_word' id='word_1_179' title='bbox 475 2469 557 2553; x_wconf 86' lang='grc' dir='ltr'><strong><em>πρὸς</em></strong></span> <span class='ocrx_word' id='word_1_180' title='bbox 580 2467 744 2553; x_wconf 78' lang='grc' dir='ltr'><strong><em>ἀλλήλους</em></strong></span> <span class='ocrx_word' id='word_1_181' title='bbox 766 2477 902 2534; x_wconf 85' lang='grc' dir='ltr'><strong><em>τοιαῦτα</em></strong></span> <span class='ocrx_word' id='word_1_182' title='bbox 925 2471 1004 2534; x_wconf 88' lang='grc' dir='ltr'><strong><em>άττα</em></strong></span> <span class='ocrx_word' id='word_1_183' title='bbox 1026 2466 1146 2553; x_wconf 77' lang='grc' dir='ltr'><strong><em>λέγειν,</em></strong></span> 
     </span>
     <span class='ocr_line' id='line_1_24' title="bbox 137 2572 1148 2660; baseline 0.004 -23"><span class='ocrx_word' id='word_1_184' title='bbox 137 2573 188 2639; x_wconf 86' lang='grc' dir='ltr'><strong><em>ὅτι</em></strong></span> <span class='ocrx_word' id='word_1_185' title='bbox 210 2574 399 2640; x_wconf 88' lang='grc' dir='ltr'><strong><em>κινδυνεύει</em></strong></span> <span class='ocrx_word' id='word_1_186' title='bbox 421 2597 453 2639; x_wconf 90' lang='grc' dir='ltr'><strong><em>τι</em></strong></span> <span class='ocrx_word' id='word_1_187' title='bbox 476 2576 586 2659; x_wconf 82' lang='grc' dir='ltr'><strong><em>ῶσπερ</em></strong></span> <span class='ocrx_word' id='word_1_188' title='bbox 615 2573 760 2659; x_wconf 89' lang='grc' dir='ltr'><strong><em>ἀτραπὸς</em></strong></span> <span class='ocrx_word' id='word_1_189' title='bbox 785 2572 937 2658; x_wconf 89' lang='grc' dir='ltr'><strong><em>ἐκφέρειν</em></strong></span> <span class='ocrx_word' id='word_1_190' title='bbox 960 2575 1045 2659; x_wconf 81' lang='grc' dir='ltr'><strong><em>ἡμᾶς</em></strong></span> <span class='ocrx_word' id='word_1_191' title='bbox 1067 2578 1148 2660; x_wconf 78' lang='grc' dir='ltr'><strong><em>μετὰ</em></strong></span> 
     </span>
     <span class='ocr_line' id='line_1_25' title="bbox 60 2678 1147 2765; baseline 0.002 -21"><span class='ocrx_word' id='word_1_192' title='bbox 60 2695 122 2738; x_wconf 71' lang='lat' dir='ltr'><strong><em>m·</em></strong></span> <span class='ocrx_word' id='word_1_193' title='bbox 136 2687 196 2744; x_wconf 89' lang='grc' dir='ltr'><strong><em>τοῦ</em></strong></span> <span class='ocrx_word' id='word_1_194' title='bbox 220 2681 322 2763; x_wconf 84' lang='grc' dir='ltr'><strong><em>λόγου</em></strong></span> <span class='ocrx_word' id='word_1_195' title='bbox 343 2679 380 2744; x_wconf 88' lang='grc' dir='ltr'><strong><em>ἐν</em></strong></span> <span class='ocrx_word' id='word_1_196' title='bbox 398 2687 438 2763; x_wconf 76' lang='grc' dir='ltr'><strong><em>τῇ</em></strong></span> <span class='ocrx_word' id='word_1_197' title='bbox 461 2678 585 2764; x_wconf 79' lang='grc' dir='ltr'><strong><em>σκέψει,</em></strong></span> <span class='ocrx_word' id='word_1_198' title='bbox 609 2680 670 2762; x_wconf 80' lang='grc' dir='ltr'><strong><em>ὅτι,</em></strong></span> <span class='ocrx_word' id='word_1_199' title='bbox 694 2679 756 2757; x_wconf 78' lang='grc' dir='ltr'><strong><em>ἕως</em></strong></span> <span class='ocrx_word' id='word_1_200' title='bbox 778 2679 820 2745; x_wconf 80' lang='grc' dir='ltr'><strong><em>δν</em></strong></span> <span class='ocrx_word' id='word_1_201' title='bbox 843 2681 880 2746; x_wconf 90' lang='grc' dir='ltr'><strong><em>τὸ</em></strong></span> <span class='ocrx_word' id='word_1_202' title='bbox 905 2689 998 2764; x_wconf 89' lang='grc' dir='ltr'><strong><em>σῶμα</em></strong></span> <span class='ocrx_word' id='word_1_203' title='bbox 1021 2683 1147 2765; x_wconf 81' lang='grc' dir='ltr'><strong><em>ἔχωμεν</em></strong></span> 
     </span>
     <span class='ocr_line' id='line_1_26' title="bbox 48 2778 1147 2872; baseline 0.007 -29"><span class='ocrx_word' id='word_1_204' title='bbox 48 2802 123 2844; x_wconf 69' lang='lat' dir='ltr'><strong><em>mx.</em></strong></span> <span class='ocrx_word' id='word_1_205' title='bbox 136 2782 192 2849; x_wconf 81' lang='grc' dir='ltr'><strong><em>καὶ</em></strong></span> <span class='ocrx_word' id='word_1_206' title='bbox 222 2784 478 2871; x_wconf 85' lang='grc' dir='ltr'><strong><em>ξυμπεφυρμένη</em></strong></span> <span class='ocrx_word' id='word_1_207' title='bbox 506 2778 569 2872; x_wconf 73' lang='grc' dir='ltr'><strong><em>(η’)</em></strong></span> <span class='ocrx_word' id='word_1_208' title='bbox 598 2786 692 2871; x_wconf 75' lang='grc' dir='ltr'><strong><em>ἡμῶν</em></strong></span> <span class='ocrx_word' id='word_1_209' title='bbox 718 2785 739 2869; x_wconf 80' lang='grc' dir='ltr'><em>ἡ</em></span> <span class='ocrx_word' id='word_1_210' title='bbox 767 2786 856 2870; x_wconf 77' lang='grc' dir='ltr'><strong><em>ψυχὴ</em></strong></span> <span class='ocrx_word' id='word_1_211' title='bbox 884 2787 965 2870; x_wconf 87' lang='grc' dir='ltr'><strong><em>μετά</em></strong></span> <span class='ocrx_word' id='word_1_212' title='bbox 990 2787 1147 2852; x_wconf 89' lang='grc' dir='ltr'><strong><em>τοιούτου</em></strong></span> 
     </span>
     <span class='ocr_line' id='line_1_27' title="bbox 137 2887 1187 2978; baseline 0.006 -25"><span class='ocrx_word' id='word_1_213' title='bbox 137 2898 252 2972; x_wconf 85' lang='grc' dir='ltr'><strong><em>κακοῦ,</em></strong></span> <span class='ocrx_word' id='word_1_214' title='bbox 276 2891 317 2955; x_wconf 85' lang='grc' dir='ltr'><strong><em>οὐ</em></strong></span> <span class='ocrx_word' id='word_1_215' title='bbox 339 2895 464 2975; x_wconf 79' lang='grc' dir='ltr'><strong><em>μήποτε</em></strong></span> <span class='ocrx_word' id='word_1_216' title='bbox 481 2892 680 2975; x_wconf 81' lang='grc' dir='ltr'><strong><em>κτησώμεθα</em></strong></span> <span class='ocrx_word' id='word_1_217' title='bbox 705 2891 825 2969; x_wconf 73' lang='grc' dir='ltr'><strong><em>ἱκανῶς</em></strong></span> <span class='ocrx_word' id='word_1_218' title='bbox 843 2887 884 2957; x_wconf 89' lang='grc' dir='ltr'><strong><em>οὗ</em></strong></span> <span class='ocrx_word' id='word_1_219' title='bbox 903 2891 1146 2978; x_wconf 81' lang='grc' dir='ltr'><strong><em>ἐπιθυμοῦμεν·</em></strong></span> <span class='ocrx_word' id='word_1_220' title='bbox 1160 2909 1187 2950; x_wconf 77' lang='lat'><strong><em>2⁵</em></strong></span> 
     </span>
     <span class='ocr_line' id='line_1_28' title="bbox 138 2991 1146 3084; baseline 0.002 -24"><span class='ocrx_word' id='word_1_221' title='bbox 138 2991 247 3080; x_wconf 69' lang='grc' dir='ltr'><strong><em>φαμὲν</em></strong></span> <span class='ocrx_word' id='word_1_222' title='bbox 281 2993 317 3061; x_wconf 77' lang='grc' dir='ltr'><strong><em>δέ</em></strong></span> <span class='ocrx_word' id='word_1_223' title='bbox 347 3006 447 3063; x_wconf 88' lang='grc' dir='ltr'><strong><em>τοῦτο</em></strong></span> <span class='ocrx_word' id='word_1_224' title='bbox 481 2991 566 3062; x_wconf 76' lang='grc' dir='ltr'><strong><em>εἶναι</em></strong></span> <span class='ocrx_word' id='word_1_225' title='bbox 597 2999 635 3062; x_wconf 91' lang='grc' dir='ltr'><strong><em>τὸ</em></strong></span> <span class='ocrx_word' id='word_1_226' title='bbox 668 2996 799 3080; x_wconf 81' lang='grc' dir='ltr'><strong><em>ἀληθές.</em></strong></span> <span class='ocrx_word' id='word_1_227' title='bbox 846 2999 966 3083; x_wconf 91' lang='grc' dir='ltr'><strong><em>μυρίας</em></strong></span> <span class='ocrx_word' id='word_1_228' title='bbox 994 2996 1055 3081; x_wconf 75' lang='grc' dir='ltr'><strong><em>μὲν</em></strong></span> <span class='ocrx_word' id='word_1_229' title='bbox 1082 3000 1146 3084; x_wconf 87' lang='grc' dir='ltr'><strong><em>γάρ</em></strong></span> 
     </span>
     <span class='ocr_line' id='line_1_29' title="bbox 136 3100 1147 3190; baseline 0.002 -24"><span class='ocrx_word' id='word_1_230' title='bbox 136 3100 218 3187; x_wconf 80' lang='grc' dir='ltr'><strong><em>ἡμῖν</em></strong></span> <span class='ocrx_word' id='word_1_231' title='bbox 247 3103 403 3188; x_wconf 84' lang='grc' dir='ltr'><strong><em>ἀσχολίας</em></strong></span> <span class='ocrx_word' id='word_1_232' title='bbox 429 3102 563 3190; x_wconf 86' lang='grc' dir='ltr'><strong><em>παρέχει</em></strong></span> <span class='ocrx_word' id='word_1_233' title='bbox 590 3104 627 3167; x_wconf 92' lang='grc' dir='ltr'><strong><em>τὸ</em></strong></span> <span class='ocrx_word' id='word_1_234' title='bbox 660 3112 754 3186; x_wconf 90' lang='grc' dir='ltr'><strong><em>σῶμα</em></strong></span> <span class='ocrx_word' id='word_1_235' title='bbox 787 3103 843 3167; x_wconf 87' lang='grc' dir='ltr'><strong><em>διά</em></strong></span> <span class='ocrx_word' id='word_1_236' title='bbox 871 3104 933 3186; x_wconf 82' lang='grc' dir='ltr'><strong><em>την</em></strong></span> <span class='ocrx_word' id='word_1_237' title='bbox 963 3102 1147 3185; x_wconf 79' lang='grc' dir='ltr'><strong><em>ἀναγκαίαν</em></strong></span> 
     </span>
    </p>
   </div>
   <div class='ocr_carea' id='block_1_4' title="bbox 136 3228 349 3238">
    <p class='ocr_par' dir='ltr' id='par_1_4' title="bbox 136 3228 349 3238">
     <span class='ocr_line' id='line_1_30' title="bbox 136 3228 349 3238; baseline 0.009 -2"><span class='ocrx_word' id='word_1_238' title='bbox 136 3228 349 3238; x_wconf 48' lang='lat'><strong><em>*—</em></strong></span> 
     </span>
    </p>
   </div>
   <div class='ocr_carea' id='block_1_5' title="bbox 226 3291 881 3366">
    <p class='ocr_par' dir='ltr' id='par_1_5' title="bbox 226 3291 881 3366">
     <span class='ocr_line' id='line_1_31' title="bbox 226 3291 881 3366; baseline -0.002 -19"><span class='ocrx_word' id='word_1_239' title='bbox 226 3299 250 3347; x_wconf 73' lang='grc'><strong><em>2.</em></strong></span> <span class='ocrx_word' id='word_1_240' title='bbox 270 3312 297 3363; x_wconf 89' lang='lat' dir='ltr'><strong><em>p.</em></strong></span> <span class='ocrx_word' id='word_1_241' title='bbox 313 3299 387 3366; x_wconf 83' lang='grc'><strong><em>65,6</em></strong></span> <span class='ocrx_word' id='word_1_242' title='bbox 406 3295 479 3351; x_wconf 75' lang='lat' dir='ltr'>Plat.</span> <span class='ocrx_word' id='word_1_243' title='bbox 498 3293 639 3349; x_wconf 79' lang='lat' dir='ltr'><strong>Phaedon.</strong></span> <span class='ocrx_word' id='word_1_244' title='bbox 658 3311 685 3363; x_wconf 91' lang='lat' dir='ltr'><strong><em>p.</em></strong></span> <span class='ocrx_word' id='word_1_245' title='bbox 701 3298 735 3348; x_wconf 81' lang='lat'><strong><em>65</em></strong></span> <span class='ocrx_word' id='word_1_246' title='bbox 745 3291 840 3348; x_wconf 81' lang='grc'>1)-67</span> <span class='ocrx_word' id='word_1_247' title='bbox 850 3292 881 3346; x_wconf 90' lang='grc' dir='ltr'><strong><em>Β.</em></strong></span> 
     </span>
    </p>
   </div>
   <div class='ocr_carea' id='block_1_6' title="bbox 138 3464 1145 3612">
    <p class='ocr_par' dir='ltr' id='par_1_6' title="bbox 138 3464 1145 3612">
     <span class='ocr_line' id='line_1_32' title="bbox 227 3464 1145 3540; baseline 0.001 -17"><span class='ocrx_word' id='word_1_248' title='bbox 227 3475 243 3523; x_wconf 82' lang='lat'><strong>3</strong></span> <span class='ocrx_word' id='word_1_249' title='bbox 262 3465 330 3525; x_wconf 72' lang='grc' dir='ltr'><strong><em>οὐδὲ</em></strong></span> <span class='ocrx_word' id='word_1_250' title='bbox 344 3467 467 3540; x_wconf 76' lang='grc' dir='ltr'><strong><em>πώποτε,</em></strong></span> <span class='ocrx_word' id='word_1_251' title='bbox 480 3472 513 3526; x_wconf 70' lang='lat' dir='ltr'><strong><em>ut</em></strong></span> <span class='ocrx_word' id='word_1_252' title='bbox 527 3471 599 3526; x_wconf 69' lang='lat' dir='ltr'><strong>uolet</strong></span> <span class='ocrx_word' id='word_1_253' title='bbox 611 3473 621 3540; x_wconf 77' lang='lat' dir='ltr'>ss</span> <span class='ocrx_word' id='word_1_254' title='bbox 635 3475 667 3527; x_wconf 77' lang='lat'><strong><em>21</em></strong></span> <span class='ocrx_word' id='word_1_255' title='bbox 687 3464 758 3524; x_wconf 78' lang='grc' dir='ltr'><strong><em>ἅττα</em></strong></span> <span class='ocrx_word' id='word_1_256' title='bbox 772 3471 781 3540; x_wconf 82' lang='grc' dir='ltr'><strong><em>ΙΙ</em></strong></span> <span class='ocrx_word' id='word_1_257' title='bbox 795 3474 828 3523; x_wconf 78' lang='lat'><strong><em>22</em></strong></span> <span class='ocrx_word' id='word_1_258' title='bbox 847 3488 891 3524; x_wconf 85' lang='grc' dir='ltr'><strong><em>τοι</em></strong></span> <span class='ocrx_word' id='word_1_259' title='bbox 906 3469 954 3523; x_wconf 82' lang='lat' dir='ltr'><strong><em>vel</em></strong></span> <span class='ocrx_word' id='word_1_260' title='bbox 966 3489 1008 3531; x_wconf 85' lang='grc' dir='ltr'><strong><em>τις</em></strong></span> <span class='ocrx_word' id='word_1_261' title='bbox 1020 3468 1145 3525; x_wconf 78' lang='lat' dir='ltr'>Platonis</span> 
     </span>
     <span class='ocr_line' id='line_1_33' title="bbox 138 3533 995 3612; baseline 0.002 -18"><span class='ocrx_word' id='word_1_262' title='bbox 138 3539 218 3594; x_wconf 84' lang='lat' dir='ltr'><strong>codd.</strong></span> <span class='ocrx_word' id='word_1_263' title='bbox 232 3542 243 3608; x_wconf 86' lang='grc' dir='ltr'><strong><em>ΙΙ</em></strong></span> <span class='ocrx_word' id='word_1_264' title='bbox 256 3545 291 3594; x_wconf 78' lang='grc'><strong><em>24</em></strong></span> <span class='ocrx_word' id='word_1_265' title='bbox 309 3533 327 3611; x_wconf 77' lang='grc' dir='ltr'><strong><em>ᾖ</em></strong></span> <span class='ocrx_word' id='word_1_266' title='bbox 345 3557 379 3595; x_wconf 79' lang='lat' dir='ltr'><strong><em>ex</em></strong></span> <span class='ocrx_word' id='word_1_267' title='bbox 399 3543 420 3596; x_wconf 93' lang='lat' dir='ltr'>P</span> <span class='ocrx_word' id='word_1_268' title='bbox 438 3541 548 3596; x_wconf 48' lang='lat' dir='ltr'>addidi&amp;</span> <span class='ocrx_word' id='word_1_269' title='bbox 566 3543 660 3612; x_wconf 72' lang='lat' dir='ltr'>An2⁵</span> <span class='ocrx_word' id='word_1_270' title='bbox 679 3537 843 3611; x_wconf 81' lang='grc' dir='ltr'><strong><em>κτησόμεθα</em></strong></span> <span class='ocrx_word' id='word_1_271' title='bbox 862 3538 995 3610; x_wconf 71' lang='lat' dir='ltr'><strong>scaliger.</strong></span> 
     </span>
    </p>
   </div>
   <div class='ocr_carea' id='block_1_7' title="bbox 0 0 1342 3932">
    <p class='ocr_par' dir='ltr' id='par_1_7' title="bbox 0 0 1342 3932">
     <span class='ocr_line' id='line_1_34' title="bbox 0 0 1342 3932; baseline 0 0"><span class='ocrx_word' id='word_1_272' title='bbox 0 0 1342 3932; x_wconf 95' lang='lat' dir='ltr'><strong><em> </em></strong></span> 
     </span>
    </p>
   </div>
  </div>
 </body>
</html>
