2670 3932
194 177 258 244 100
602 175 794 234 IAMBLICHI

192 329 331 426 μελέτην
363 339 493 429 ἐμποιεῖ
522 338 673 404 θανάτου
701 336 756 404 καί
785 339 1052 424 καταφρόνησιν,
1086 334 1139 402 ἐπὶ
1172 333 1210 402 δὲ

192 447 254 530 τὴν
276 444 449 511 ἀθάνατον
471 443 526 510 καὶ
554 442 605 510 ἀεὶ
629 439 734 510 οὖσαν
759 444 845 528 ζωὴν
866 441 1027 528 -ἐπαυάγει
1054 440 1210 522 καὶτοὺς

194 548 245 618 ἀεὶ
281 552 380 628 ὄντας
413 553 535 635 λόγους
571 551 787 617 ἀναδιδάσκει
823 548 879 616 καὶ
911 551 1051 626 τούτους
1089 553 1210 634 ζηλοῦν

194 657 306 741 ἐθίζει,
330 668 446 724 πασῶν
470 655 584 741 ἀνείη
608 654 664 723 καὶ
688 658 744 722 διά
766 665 865 723 τοῦτο
891 655 1138 742 ὠφελιμωτάτη.

167 784 180 827 τ
273 761 346 830 Ἔτι
368 765 486 830 τοίνυν
515 763 578 829 ούκ
604 760 658 829 ἐπὶ
685 763 879 843 πλεονεξίαν
904 761 1010 849 ὁρμᾶν
1036 763 1103 846 δεῖ,
1131 759 1211 828 οὐδὲ

193 872 231 935 τὸ
254 869 374 957 κράτος
395 871 433 934 τὸ
457 867 510 935 ἐπὶ
532 878 572 955 τῇ
594 869 768 956 πλεονεξίᾳ
790 869 948 952 ἡγεῖσθαι
971 869 1092 953 ἀρετὴν
1115 863 1211 952 εἶναι,

194 978 231 1042 τὸ
257 972 293 1043 δὲ
315 986 383 1042 τῶν
406 978 520 1061 νόμων
543 975 726 1042 ὑπακούειν
750 977 892 1041 δειλίαν·
915 976 1124 1061 πονηροτάτη
1148 977 1211 1061 γὰρ

196 1083 279 1167 αὕτη
307 1081 327 1166 η
356 1081 490 1148 διάνοιά
513 1081 597 1166 ἐστι,
629 1079 685 1147 καί
717 1080 751 1160 ἐξ
784 1081 885 1166 αὐτῆς
914 1080 1021 1146 πάντα
1052 1080 1212 1147 τάναντία

195 1199 265 1266 τοῖς
296 1187 439 1273 ἀγαθοίς
469 1191 611 1272 γίνεται,
643 1190 741 1253 κακία
772 1211 807 1253 τε
838 1185 895 1253 καί
927 1187 1043 1272 βλάβη.
1090 1189 1121 1253 εί
1148 1188 1212 1273 γάρ

157 1317 182 1356 10
196 1297 326 1380 ἔφυσαν
350 1291 410 1380 μὲν
430 1294 465 1360 οί
481 1296 657 1380 ἀνθρωποι
679 1293 842 1360 ἀδύνατοι
864 1289 942 1360 καθ’
965 1293 1023 1358 ἕνα
1048 1297 1116 1377 ζην,
1136 1310 1212 1358 συν-

196 1408 306 1485 ῆλθον
330 1398 367 1467 δὲ
390 1403 473 1487 πρὸς
495 1399 661 1484 ἀλλήλους
678 1410 718 1486 τῇ
737 1398 864 1486 ἀνάγκη
889 1407 1043 1484 είκοντες,
1066 1408 1156 1465 πᾶσα
1176 1395 1213 1465 δὲ

197 1509 217 1592 ἡ
242 1508 305 1592 ζωὴ
329 1507 443 1585 αὐτοῖς
470 1507 606 1593 εὕρηται
632 1506 688 1574 καί
716 1511 757 1573 τά
779 1511 965 1593 τεχνήματα
988 1509 1070 1593 πρὸς
1093 1507 1211 1592 αὐτήν,
1229 1525 1268 1565 123
1277 1525 1302 1566 Δ.

198 1619 262 1682 σὺν
284 1614 440 1698 ἀλληλοις
463 1611 501 1680 δέ
528 1607 615 1680 εἶναι
642 1614 764 1692 αὐτοὺς
791 1613 846 1680 καὶ
875 1614 997 1700 ἀνομία
1020 1615 1214 1680 διαιτᾶσθαι

198 1722 259 1806 ούχ
283 1713 414 1787 οἷόντε
438 1719 549 1808 (μείζω
573 1722 636 1807 γάρ
655 1721 769 1799 αὐτοῖς
793 1722 911 1805 ζημίαν
930 1721 1016 1786 οὕτω
1036 1722 1214 1805 γίγνεσθαι
1326 1759 1327 1828 ρ

161 1849 185 1889 15
199 1827 326 1912 ἐκείνης
347 1837 406 1911 τῆς
427 1827 510 1892 κατά
532 1825 592 1893 ἕνα
616 1827 769 1914 διαίτης),
797 1828 853 1891 διά
874 1827 996 1903 ταύτας
1017 1827 1135 1892 τοίνυν
1158 1827 1216 1903 τάς
1326 1833 1327 1840 ’

199 1934 345 2017 ἀνάγκας
376 1935 435 2000 τόν
466 1956 502 1998 τε
533 1936 641 2019 νόμον
670 1931 725 1998 καὶ
756 1934 793 1998 τὸ
823 1933 954 1998 δίκαιον
985 1931 1216 2017 ἐμβασιλεύειν

199 2049 269 2115 τοῖς
303 2037 498 2125 ἀνθρώποις
533 2035 589 2103 καὶ
630 2038 761 2125 οὐδαμῇ
800 2045 999 2124 μεταστῆναι
1040 2037 1081 2103 ἀν
1119 2037 1216 2102 αὐτά·

199 2145 299 2231 φύσει
316 2146 380 2231 γάρ
401 2145 519 2230 ίσχυρδι
538 2143 736 2211 ἐνδεδέσθαι
754 2154 866 2211 ταῦτα.
903 2147 934 2209 εί
952 2143 1013 2231 μέν
1028 2146 1068 2228 δὴ
1084 2142 1215 2227 γένοιτό

199 2275 249 2329 τις
272 2249 305 2330 ἐξ
329 2250 431 2336 ἀρχῆς
454 2252 559 2335 φύσιν
582 2250 715 2317 τοιάνδε
739 2254 835 2337 ἔχων,
861 2254 1006 2337 ἀτρωτος
1028 2253 1087 2316 τὸν
1106 2263 1216 2336 χρῶτα

161 2379 187 2420 εο
200 2358 322 2434 ἀνοσύς
344 2381 379 2422 τε
402 2355 457 2423 καὶ
480 2355 614 2442 ἀπαθὴς
642 2357 697 2423 καὶ
719 2358 894 2444 ὑπερφυὴς
917 2356 972 2424 καὶ
995 2356 1218 2443 ἀδαμάντινος
1326 2429 1327 2440 ,

201 2465 238 2528 τύ
261 2485 297 2528 τε
325 2473 419 2548 σῶμα
442 2461 498 2528 καὶ
520 2466 581 2549 την
604 2468 731 2549 ψυχήν,
759 2473 805 2552 τῷ
833 2466 974 2553 τοιούτῳ
998 2470 1077 2541 ίσως
1099 2466 1141 2530 ἀν
1168 2487 1218 2541 τις
1233 2445 1327 2522 29411·¹

202 2569 316 2654 ἀρκεῖν
340 2568 473 2654 ἐνόμισε
501 2571 538 2634 τὸ
562 2568 615 2635 ἐπὶ
642 2580 682 2655 τῇ
709 2570 883 2658 πλεονεξίᾳ
910 2572 1030 2657 κράτος
1053 2569 1125 2656 (τὸν
1154 2572 1218 2657 γάρ

202 2683 356 2740 τοιοῦτον
388 2682 434 2761 τῷ
466 2677 558 2763 νόμω
589 2676 634 2759 μὴ
662 2675 876 2742 ὑποδύυοντα
905 2677 1073 2741 δύνασθαι
1100 2675 1219 2764 ἀθῷον

203 2775 321 2866 εἶναι),
350 2779 391 2844 οὐ
419 2781 485 2863 μὴν
514 2779 626 2866 ὀρθῶς
654 2777 753 2858 οὗτος
780 2788 895 2848 οίεται·
924 2783 955 2847 εί
980 2783 1043 2867 γὰρ
1071 2780 1125 2846 καὶ
1152 2805 1218 2848 τοι-

164 2910 190 2951 ετ
204 2887 302 2962 οῦτός
328 2908 379 2962 τις
406 2890 472 2968 είη,
506 2885 550 2964 ὡς
578 2886 640 2952 οὐκ
667 2886 709 2954 ἀν
737 2887 883 2972 γίνοιτο,
916 2898 985 2964 τοῖς
1015 2885 1076 2971 μὲν
1102 2890 1219 2973 νόμοις

204 3001 387 3076 συμμαχῶν
414 2989 469 3056 καὶ
492 3000 537 3080 τῷ
562 2994 679 3080 δικαίῳ
702 2993 758 3058 καὶ
780 3003 883 3060 ταῦτα
905 2995 1080 3078 κρατύνων
1102 2991 1157 3058 καὶ
1180 3003 1218 3079 τῇ

205 3099 295 3184 ἰσχύι
322 3099 491 3184 χρώμενος
518 3096 571 3164 ἐπὶ
598 3101 701 3166 ταῦτά
729 3123 764 3166 τε
790 3099 908 3166 καὶτὰ
935 3101 1066 3176 τούτοις
1089 3098 1220 3165 ἐπικου-

205 3213 345 3289 ροῦντα,
377 3205 464 3270 οὕτω
492 3200 554 3288 μὲν
577 3203 619 3270 ἀν
647 3204 825 3292 σμ’ζοιτοὸ
854 3214 1018 3289 τοιοῦτος,
1047 3207 1155 3283 άλλως
1183 3203 1220 3272 δὲ
1326 3199 1327 3210 ’

207 3309 267 3374 οὐκ
299 3309 341 3374 ἀν
374 3309 537 3394 διαμένοι·
571 3311 683 3376 δοκεῖν
709 3313 773 3398 γάρ
804 3311 845 3377 ἀν
873 3315 952 3390 τοὺς
984 3311 1131 3389 ἅπαντας
1163 3312 1220 3378 ἀν-

297 3540 312 3587 7
332 3537 440 3590 δειλίαν
459 3541 491 3591 A:
517 3539 566 3590 δεῖ
579 3538 640 3591 λίαν
656 3539 665 3606 ΙΙ
679 3544 713 3592 23
733 3534 916 3608 ἐπαμύνοντα
935 3538 1006 3594 οοιιὶ.
1027 3540 1134 3596 Vitelli.
