2674 3932
411 195 685 253 PROTREPTICUS
704 199 738 268 (ι.
753 197 799 253 τι.
814 197 886 267 vn).
1113 197 1155 260 41

139 367 198 443 τῆς
212 357 410 444 οἰκουμένης
423 360 484 443 τὴν
500 359 666 442 διάνοιαν,
681 357 804 444 ὁμοίως
821 361 1035 444 πανταχόθεν
1046 361 1157 444 ὥσπερ

140 467 312 552 παρούσης
334 467 469 532 ἅπτεται
491 475 550 551 τῆς
567 466 736 550 ἀληθείας.
778 466 903 532 οὐκοῦν
926 464 1158 532 ἀποδέδεικται

141 571 196 638 καὶ
220 573 271 639 ὅτι
300 571 524 639 δυνατόνκαὶ
551 574 638 639 θιότι
661 571 819 657 μέγιστον
846 583 915 637 τῶν
938 571 1078 655 ἀγαθῶν
1101 570 1156 637 καὶ

141 682 328 764 κτήσασθαι
356 677 477 766 ῥᾴδιον
502 679 524 763 ἡ
552 683 753 765 φιλοσοφία,
784 679 868 744 ὥστε
897 678 1032 744 πάντων
1060 677 1157 744 ἕνεκα

22 838 27 847 .
141 787 326 872 προθύμως
349 785 450 870 αὐτῆς
473 785 780 870 ἀντιλαμβάνεσθαι
803 784 906 864 ἀξιον.
1171 801 1185 842 5

230 892 303 959 VII.
317 891 405 957 Ἴθοι
419 889 449 956 θ’
468 894 510 956 ἀν
523 915 573 969 τις
586 893 624 957 τὸ
638 891 719 957 αὐτὸ
734 892 989 976 γνωριμώτερον
1003 888 1068 954 ἀπὸ
1081 890 1158 956 τού-

139 1020 217 1064 των.
253 999 290 1063 τὸ
314 1008 455 1082 φρονείν
469 996 578 1064 καὶτὸ
597 998 796 1082 γιγνώσκειν
815 993 905 1062 ἐστὶν
924 997 1057 1092 αἰρετὸν
1075 993 1154 1062 καθ’

141 1104 221 1170 αὑτὸ
235 1115 306 1182 τοίς
319 1104 513 1190 ἀνθρώποις
531 1101 625 1191 (οὐδὲ
639 1105 703 1189 γάρ
723 1107 781 1188 ζῆν
801 1104 946 1168 ἀυνατὸν
965 1103 1010 1181 ὡς
1024 1102 1157 1189 ἀνθρά-

140 1232 215 1288 ποις
238 1212 320 1276 ἀνευ
342 1209 496 1298 τούτων),
519 1213 684 1297 χρήσιμόν
701 1233 736 1276 τε
756 1212 803 1287 εἰς
820 1210 880 1275 τὸν
904 1212 981 1293 βίον
1004 1210 1156 1298 ὑπάρχει·

60 1334 126 1377 ιιε.
141 1314 243 1383 οὐδὲν
265 1318 330 1402 γάρ
347 1316 428 1401 ἡμίν
447 1317 577 1401 ἀγαθὸν
596 1319 845 1405 παραγίγνεται,
869 1316 888 1382 ό
905 1339 938 1381 τι
960 1317 1004 1401 μὴ
1024 1322 1157 1402 λογισα-
1173 1341 1201 1380 ιο
1234 1331 1239 1340 ·

141 1421 254 1508 μένοις
277 1420 331 1488 καί
350 1425 432 1489 κατά
451 1427 619 1509 φρόνησιν
638 1423 856 1509 ἐνεργήσασιν
874 1428 1066 1490 τελειοῦται.
1102 1423 1186 1490 καί

141 1530 209 1614 μην
232 1535 297 1594 είτε
315 1529 353 1593 τὸ
372 1533 430 1613 ζῆν
449 1530 657 1613 εὐδαιμόνως
675 1529 712 1594 ἐν
725 1537 771 1618 τῷ
790 1531 918 1614 χαίρειν
932 1528 1023 1596 ἐστὶν
1037 1537 1102 1597 εἰτε
1121 1531 1158 1597 ἐν

140 1642 187 1722 τῷ
211 1635 273 1717 την
296 1633 417 1719 ἀρετὴν
440 1637 527 1719 ἔχειν
550 1639 615 1700 εἴτε
638 1635 675 1700 ἐν
693 1641 734 1720 τῇ
757 1639 931 1720 φρονήσει,
954 1637 1037 1702 κατά
1054 1645 1157 1701 ταῦτα

140 1740 250 1806 πάντα
264 1739 527 1826 φιλοσοφητέον·
545 1749 649 1805 ταῦτα
667 1741 731 1826 γάρ
745 1740 887 1825 μάλιστα
902 1738 958 1806 καί
972 1742 1159 1827 εἰλικρινῶς

134 1847 198 1932 ,διὰ
220 1855 283 1911 τοῦ
306 1852 507 1932 φιλοσοφεῖν
530 1846 610 1932 ἡμίν
633 1850 881 1932 παραγίγνεται.
918 1850 965 1913 ἔτι
983 1849 1101 1913 τοίνυν
1119 1848 1157 1914 τὸ
1173 1870 1202 1910 ιε

142 1952 203 2038 μίν
227 1952 296 2018 ἐστι
323 1954 412 2038 ψυχὴ
436 1964 503 2018 τῶν
527 1951 564 2019 ἐν
587 1952 727 2038 ἡμῖντὸ
751 1951 788 2020 δὲ
811 1965 920 2040 σῶμα,
948 1953 1004 2020 καί
1031 1956 1068 2020 τὸ
1097 1952 1159 2040 μὲν

142 2061 236 2144 ἀρχει
254 2061 291 2124 τὸ
311 2056 347 2124 ἀὲ
366 2061 511 2145 ἀρχεται,
531 2058 587 2126 καὶ
605 2061 643 2126 τὸ
662 2057 723 2145 μὲν
741 2069 859 2146 χρῆται
877 2063 915 2127 τὸ
935 2058 966 2125 θ’
988 2062 1159 2128 ὑπόκειται

144 2166 188 2242 ὡς
211 2168 366 2252 όργανον.
412 2165 463 2232 ἀεί
490 2170 609 2234 τοίνυν
630 2169 714 2250 πρὸς
739 2169 778 2234 τὸ
802 2170 907 2253 ἀρχον
929 2165 985 2234 καί
1012 2169 1051 2234 τὸ
1074 2171 1158 2255 χρόα·

143 2295 246 2356 μενον
269 2274 483 2339 συντάττεται
504 2272 526 2356 ἡ
548 2282 609 2338 τοῦ
633 2273 822 2358 ἀρχομένου
849 2272 905 2339 καί
926 2283 987 2339 τοῦ
1011 2258 1161 2359 όργάνου

142 2382 245 2464 χρεία.
290 2388 347 2464 της
375 2376 413 2445 ἀὲ
440 2387 548 2464 ψυχῆς
575 2379 611 2444 τὸ
640 2375 701 2463 μὲν
731 2381 830 2462 λόγος
858 2376 948 2444 ἐστὶν
972 2380 1053 2466 ὅπερ
1076 2383 1159 2446 κατά
1173 2403 1203 2443 νο

52 2507 93 2546 116
102 2505 131 2546 Κ.
146 2486 251 2570 φύσιν
275 2487 368 2572 ἀρχει
390 2484 445 2552 καὶ
463 2489 571 2574 κρίνει
588 2483 663 2571 περί
681 2485 788 2570 ἡμῶν,
810 2487 848 2550 τὸ
869 2480 900 2549 θ’
922 2485 1037 2551 ἕπεταί
1051 2509 1085 2552 τε
1104 2486 1159 2554 καὶ

143 2590 292 2676 πέφυκεν
328 2594 500 2678 ἄρχεσθαι.
546 2601 612 2658 πᾶν
645 2589 681 2657 δὲ
717 2587 755 2658 εὖ
788 2593 949 2658 διάκειται
984 2595 1066 2658 κατά
1097 2595 1159 2678 τὴν

145 2701 273 2764 οἰκείαν
299 2697 434 2785 ἀρετήν·
466 2701 503 2764 τὸ
536 2701 600 2784 γὰρ
632 2697 846 2785 τετυχηκέναι
876 2700 999 2784 ταύτης
1026 2700 1159 2784 ἀγαθόν

146 2804 224 2870 ἐστι.
265 2803 321 2871 καί
343 2807 411 2890 μην
434 2807 515 2872 ὅταν
532 2829 571 2889 γε
595 2807 652 2892 ἔχη
674 2807 715 2871 τά
732 2807 874 2890 μάλιστα
896 2804 952 2872 καὶ
970 2809 1158 2892 κυριώτατα

145 2908 201 2976 καί
231 2912 410 2996 τιμιώτατα
443 2913 506 2996 τὴν
538 2911 675 2997 ἀρετήν,
711 2914 785 2978 τότε
817 2908 855 2979 εὖ
889 2914 1062 2980 διάκειται·
1098 2924 1159 2980 τοῦ
1173 2933 1200 2974 νε

145 3019 316 3100 βελτίονος
349 3019 413 3104 ἀρα
445 3019 547 3102 φύσει
582 3021 724 3102 βελτίων
760 3017 851 3084 ἐστὶν
882 3018 903 3102 η
935 3022 1018 3084 κατά
1055 3022 1159 3104 φύσιν

146 3122 255 3208 άρετη.
302 3122 434 3208 βέλτιον
467 3120 504 3190 ἀὲ
535 3126 572 3190 τὸ
604 3125 687 3189 κατά
714 3111 819 3207 φύσιν
851 3124 1074 3210 ἀρχικώτερον
1104 3124 1158 3191 καί

69 3249 131 3290 4⁵A·
146 3234 274 3315 μᾶλλον
296 3231 511 3315 ἡγεμονικόν,
536 3230 580 3307 ὡς
603 3231 784 3316 άνθρωπος
806 3233 889 3316 πρὸς
910 3233 951 3297 τά
974 3233 1057 3296 ἀλλα
1082 3235 1160 3320 ζῷα·

147 3336 273 3403 οὐκοῦν
295 3339 384 3422 ψυχη
404 3333 464 3422 μὲν
483 3338 635 3422 σώματος
652 3336 785 3420 βέλτιον
808 3334 1046 3423 (ἀρχικώτερον
1068 3336 1159 3425 γάρ),

146 3453 254 3528 ψυχῆς
282 3441 319 3510 δὲ
345 3447 383 3510 τὸ
407 3447 509 3528 λόγον
537 3445 614 3529 ἔχον
637 3441 692 3509 καί
720 3443 887 3510 διάνοιαν·
915 3447 985 3509 ἔστι
1007 3446 1071 3532 γὰρ
1093 3468 1160 3511 τοι·
1174 3463 1202 3503 ³0

147 3559 249 3616 οὕτον
273 3551 290 3616 ὃ
314 3553 441 3617 κελεύει
463 3549 519 3617 καί
541 3552 673 3634 κωλύει,
695 3548 751 3616 καί
773 3552 845 3616 δεῖν
868 3549 888 3634 ἣ
913 3552 956 3636 μη
982 3552 1054 3616 δεῖν
1077 3568 1162 3637 φησι
