<?xml version="1.0" encoding="UTF-8"?>
<!DOCTYPE html PUBLIC "-//W3C//DTD XHTML 1.0 Transitional//EN"
    "http://www.w3.org/TR/xhtml1/DTD/xhtml1-transitional.dtd">
<html xmlns="http://www.w3.org/1999/xhtml" xml:lang="en" lang="en">
 <head>
  <title>
</title>
<meta http-equiv="Content-Type" content="text/html;charset=utf-8" />
  <meta name='ocr-system' content='tesseract 3.04.00' />
  <meta name='ocr-capabilities' content='ocr_page ocr_carea ocr_par ocr_line ocrx_word'/>
</head>
<body>
  <div class='ocr_page' id='page_1' title='image "./iamblichiprotre02jambgoog_0014.png"; bbox 0 0 2674 3932; ppageno 0'>
   <div class='ocr_carea' id='block_1_1' title="bbox 562 168 1180 225">
    <p class='ocr_par' dir='ltr' id='par_1_1' title="bbox 562 168 1180 225">
     <span class='ocr_line' id='line_1_1' title="bbox 562 168 1180 225; baseline 0 -1"><span class='ocrx_word' id='word_1_1' title='bbox 562 168 777 225; x_wconf 76' lang='lat' dir='ltr'><strong>PRAEFATIO.</strong></span> <span class='ocrx_word' id='word_1_2' title='bbox 1142 171 1180 224; x_wconf 90' lang='lat' dir='ltr'>IX</span> 
     </span>
    </p>
   </div>
   <div class='ocr_carea' id='block_1_2' title="bbox 165 330 1180 1055">
    <p class='ocr_par' dir='ltr' id='par_1_2' title="bbox 165 330 1177 524">
     <span class='ocr_line' id='line_1_2' title="bbox 166 330 1177 418; baseline 0 -22"><span class='ocrx_word' id='word_1_3' title='bbox 166 332 202 396; x_wconf 90' lang='lat' dir='ltr'>in</span> <span class='ocrx_word' id='word_1_4' title='bbox 233 333 381 397; x_wconf 75' lang='lat' dir='ltr'><strong>Platonis</strong></span> <span class='ocrx_word' id='word_1_5' title='bbox 418 332 498 397; x_wconf 90' lang='lat' dir='ltr'>locis</span> <span class='ocrx_word' id='word_1_6' title='bbox 535 335 665 397; x_wconf 87' lang='lat' dir='ltr'>tantum</span> <span class='ocrx_word' id='word_1_7' title='bbox 702 334 759 396; x_wconf 88' lang='lat' dir='ltr'>aut</span> <span class='ocrx_word' id='word_1_8' title='bbox 796 332 829 396; x_wconf 91' lang='lat' dir='ltr'>in</span> <span class='ocrx_word' id='word_1_9' title='bbox 862 330 1177 418; x_wconf 82' lang='lat' dir='ltr'>Pseudoarchytae¹)</span> 
     </span>
     <span class='ocr_line' id='line_1_3' title="bbox 165 437 967 524; baseline -0.001 -22"><span class='ocrx_word' id='word_1_10' title='bbox 165 437 359 524; x_wconf 75' lang='lat' dir='ltr'><strong>fragmentis</strong></span> <span class='ocrx_word' id='word_1_11' title='bbox 383 438 609 522; x_wconf 76' lang='lat' dir='ltr'>reperirentur.</span> <span class='ocrx_word' id='word_1_12' title='bbox 965 455 967 460; x_wconf 83' lang='lat'>·</span> 
     </span>
    </p>

    <p class='ocr_par' dir='ltr' id='par_1_3' title="bbox 165 542 1180 1055">
     <span class='ocr_line' id='line_1_4' title="bbox 234 542 1179 628; baseline -0.002 -18"><span class='ocrx_word' id='word_1_13' title='bbox 234 543 322 620; x_wconf 81' lang='lat' dir='ltr'>Quae</span> <span class='ocrx_word' id='word_1_14' title='bbox 355 542 485 608; x_wconf 86' lang='lat' dir='ltr'>silentio</span> <span class='ocrx_word' id='word_1_15' title='bbox 517 543 672 628; x_wconf 82' lang='lat' dir='ltr'>praeterii</span> <span class='ocrx_word' id='word_1_16' title='bbox 702 564 742 607; x_wconf 87' lang='lat' dir='ltr'>ne</span> <span class='ocrx_word' id='word_1_17' title='bbox 772 544 1016 609; x_wconf 73' lang='lat' dir='ltr'>adnotationem</span> <span class='ocrx_word' id='word_1_18' title='bbox 1044 544 1179 628; x_wconf 89' lang='lat' dir='ltr'>scriptu-</span> 
     </span>
     <span class='ocr_line' id='line_1_5' title="bbox 165 643 1179 736; baseline -0.001 -21"><span class='ocrx_word' id='word_1_19' title='bbox 165 643 276 716; x_wconf 86' lang='lat' dir='ltr'>rarum</span> <span class='ocrx_word' id='word_1_20' title='bbox 293 650 383 714; x_wconf 88' lang='lat' dir='ltr'>haud</span> <span class='ocrx_word' id='word_1_21' title='bbox 397 649 478 715; x_wconf 87' lang='lat' dir='ltr'>satis</span> <span class='ocrx_word' id='word_1_22' title='bbox 492 649 711 734; x_wconf 83' lang='lat' dir='ltr'>probabilium</span> <span class='ocrx_word' id='word_1_23' title='bbox 726 649 890 734; x_wconf 81' lang='lat' dir='ltr'>farragine</span> <span class='ocrx_word' id='word_1_24' title='bbox 906 671 1083 736; x_wconf 84' lang='lat' dir='ltr'>onerarem,</span> <span class='ocrx_word' id='word_1_25' title='bbox 1099 650 1179 715; x_wconf 89' lang='lat' dir='ltr'>item</span> 
     </span>
     <span class='ocr_line' id='line_1_6' title="bbox 166 755 1179 840; baseline -0.002 -17"><span class='ocrx_word' id='word_1_26' title='bbox 166 757 409 823; x_wconf 89' lang='lat' dir='ltr'>observationes</span> <span class='ocrx_word' id='word_1_27' title='bbox 429 758 462 819; x_wconf 86' lang='grc'>61</span> <span class='ocrx_word' id='word_1_28' title='bbox 480 755 722 820; x_wconf 84' lang='lat' dir='ltr'>emendationes</span> <span class='ocrx_word' id='word_1_29' title='bbox 741 778 821 839; x_wconf 90' lang='lat' dir='ltr'>quas</span> <span class='ocrx_word' id='word_1_30' title='bbox 837 756 912 820; x_wconf 90' lang='lat' dir='ltr'>dum</span> <span class='ocrx_word' id='word_1_31' title='bbox 927 755 980 820; x_wconf 93' lang='lat' dir='ltr'>hic</span> <span class='ocrx_word' id='word_1_32' title='bbox 994 756 1075 821; x_wconf 90' lang='lat' dir='ltr'>liber</span> <span class='ocrx_word' id='word_1_33' title='bbox 1090 757 1179 840; x_wconf 85' lang='lat' dir='ltr'>typis</span> 
     </span>
     <span class='ocr_line' id='line_1_7' title="bbox 166 860 1180 947; baseline -0.002 -19"><span class='ocrx_word' id='word_1_34' title='bbox 166 863 407 928; x_wconf 81' lang='lat' dir='ltr'>describebatur</span> <span class='ocrx_word' id='word_1_35' title='bbox 430 861 469 926; x_wconf 92' lang='lat' dir='ltr'>H.</span> <span class='ocrx_word' id='word_1_36' title='bbox 494 860 608 926; x_wconf 87' lang='lat' dir='ltr'>Vitelli</span> <span class='ocrx_word' id='word_1_37' title='bbox 631 883 756 927; x_wconf 90' lang='lat' dir='ltr'>mecum</span> <span class='ocrx_word' id='word_1_38' title='bbox 780 862 1043 947; x_wconf 79' lang='lat' dir='ltr'>communicavit,</span> <span class='ocrx_word' id='word_1_39' title='bbox 1070 863 1180 927; x_wconf 86' lang='lat' dir='ltr'>omnia</span> 
     </span>
     <span class='ocr_line' id='line_1_8' title="bbox 167 967 1179 1055; baseline -0.002 -21"><span class='ocrx_word' id='word_1_40' title='bbox 167 970 305 1054; x_wconf 90' lang='lat' dir='ltr'>denique</span> <span class='ocrx_word' id='word_1_41' title='bbox 329 991 411 1055; x_wconf 87' lang='lat' dir='ltr'>quae</span> <span class='ocrx_word' id='word_1_42' title='bbox 434 968 639 1033; x_wconf 88' lang='lat' dir='ltr'>retractanda</span> <span class='ocrx_word' id='word_1_43' title='bbox 660 967 846 1033; x_wconf 81' lang='lat' dir='ltr'>riderentur</span> <span class='ocrx_word' id='word_1_44' title='bbox 865 968 1021 1033; x_wconf 89' lang='lat' dir='ltr'>coniciam</span> <span class='ocrx_word' id='word_1_45' title='bbox 1041 969 1179 1032; x_wconf 90' lang='lat' dir='ltr'>nuncin</span> 
     </span>
    </p>
   </div>
   <div class='ocr_carea' id='block_1_3' title="bbox 412 1178 932 1264">
    <p class='ocr_par' dir='ltr' id='par_1_4' title="bbox 412 1178 932 1264">
     <span class='ocr_line' id='line_1_9' title="bbox 412 1178 932 1264; baseline 0.002 -19"><span class='ocrx_word' id='word_1_46' title='bbox 412 1179 598 1245; x_wconf 84' lang='lat' dir='ltr'>Addenda</span> <span class='ocrx_word' id='word_1_47' title='bbox 622 1184 659 1245; x_wconf 91' lang='lat' dir='ltr'>ct</span> <span class='ocrx_word' id='word_1_48' title='bbox 683 1178 932 1264; x_wconf 77' lang='lat' dir='ltr'>Corrigenda.</span> 
     </span>
    </p>
   </div>
   <div class='ocr_carea' id='block_1_4' title="bbox 162 1315 1179 2894">
    <p class='ocr_par' dir='ltr' id='par_1_5' title="bbox 162 1315 1179 2894">
     <span class='ocr_line' id='line_1_10' title="bbox 237 1315 1179 1389; baseline 0.002 -15"><span class='ocrx_word' id='word_1_49' title='bbox 237 1321 267 1375; x_wconf 94' lang='lat' dir='ltr'>P.</span> <span class='ocrx_word' id='word_1_50' title='bbox 281 1326 330 1389; x_wconf 78' lang='lat'>7‚2</span> <span class='ocrx_word' id='word_1_51' title='bbox 353 1320 459 1375; x_wconf 85' lang='lat' dir='ltr'>‘Verba</span> <span class='ocrx_word' id='word_1_52' title='bbox 476 1316 569 1382; x_wconf 78' lang='grc' dir='ltr'><strong><em>πάσας</em></strong></span> <span class='ocrx_word' id='word_1_53' title='bbox 588 1315 620 1373; x_wconf 76' lang='lat' dir='ltr'>db</span> <span class='ocrx_word' id='word_1_54' title='bbox 640 1319 774 1380; x_wconf 79' lang='grc' dir='ltr'><strong><em>παιδέίας</em></strong></span> <span class='ocrx_word' id='word_1_55' title='bbox 789 1317 812 1371; x_wconf 90' lang='lat' dir='ltr'>si</span> <span class='ocrx_word' id='word_1_56' title='bbox 827 1320 950 1374; x_wconf 79' lang='lat' dir='ltr'>auctoris</span> <span class='ocrx_word' id='word_1_57' title='bbox 964 1321 1054 1376; x_wconf 79' lang='lat' dir='ltr'>nostri</span> <span class='ocrx_word' id='word_1_58' title='bbox 1068 1320 1097 1376; x_wconf 89' lang='lat' dir='ltr'>in</span> <span class='ocrx_word' id='word_1_59' title='bbox 1112 1322 1179 1376; x_wconf 89' lang='lat' dir='ltr'>scri-</span> 
     </span>
     <span class='ocr_line' id='line_1_11' title="bbox 166 1406 1179 1479; baseline 0 -15"><span class='ocrx_word' id='word_1_60' title='bbox 166 1410 258 1465; x_wconf 88' lang='lat' dir='ltr'>bendo</span> <span class='ocrx_word' id='word_1_61' title='bbox 272 1407 421 1479; x_wconf 84' lang='lat' dir='ltr'>diligentia</span> <span class='ocrx_word' id='word_1_62' title='bbox 434 1409 509 1462; x_wconf 87' lang='lat' dir='ltr'>esset</span> <span class='ocrx_word' id='word_1_63' title='bbox 523 1407 621 1474; x_wconf 83' lang='lat' dir='ltr'>maior,</span> <span class='ocrx_word' id='word_1_64' title='bbox 636 1406 756 1461; x_wconf 85' lang='lat' dir='ltr'>delenda</span> <span class='ocrx_word' id='word_1_65' title='bbox 766 1409 919 1462; x_wconf 85' lang='lat' dir='ltr'>censerem&#39;</span> <span class='ocrx_word' id='word_1_66' title='bbox 931 1407 957 1460; x_wconf 91' lang='lat' dir='ltr'>K</span> <span class='ocrx_word' id='word_1_67' title='bbox 970 1411 979 1479; x_wconf 75' lang='lat' dir='ltr'>{l</span> <span class='ocrx_word' id='word_1_68' title='bbox 992 1428 1019 1479; x_wconf 91' lang='lat' dir='ltr'>p.</span> <span class='ocrx_word' id='word_1_69' title='bbox 1032 1415 1073 1479; x_wconf 88' lang='lat'>10,</span> <span class='ocrx_word' id='word_1_70' title='bbox 1085 1416 1100 1465; x_wconf 86' lang='grc'>6</span> <span class='ocrx_word' id='word_1_71' title='bbox 1114 1409 1179 1479; x_wconf 84' lang='lat' dir='ltr'>lege</span> 
     </span>
     <span class='ocr_line' id='line_1_12' title="bbox 165 1492 1177 1567; baseline 0 -16"><span class='ocrx_word' id='word_1_72' title='bbox 165 1495 200 1551; x_wconf 80' lang='grc' dir='ltr'>τὰ</span> <span class='ocrx_word' id='word_1_73' title='bbox 216 1494 301 1567; x_wconf 75' lang='grc' dir='ltr'><strong><em>μικρὰ</em></strong></span> <span class='ocrx_word' id='word_1_74' title='bbox 315 1498 325 1566; x_wconf 84' lang='grc' dir='ltr'>ΙΙ</span> <span class='ocrx_word' id='word_1_75' title='bbox 337 1516 364 1566; x_wconf 91' lang='lat' dir='ltr'>p.</span> <span class='ocrx_word' id='word_1_76' title='bbox 377 1501 419 1564; x_wconf 85' lang='lat'>14,</span> <span class='ocrx_word' id='word_1_77' title='bbox 432 1502 463 1550; x_wconf 91' lang='lat'>11</span> <span class='ocrx_word' id='word_1_78' title='bbox 484 1497 519 1550; x_wconf 89' lang='lat' dir='ltr'>de</span> <span class='ocrx_word' id='word_1_79' title='bbox 537 1515 564 1551; x_wconf 88' lang='lat' dir='ltr'>v.</span> <span class='ocrx_word' id='word_1_80' title='bbox 580 1492 767 1566; x_wconf 75' lang='grc' dir='ltr'><strong><em>ἐπεισοδιώδη</em></strong></span> <span class='ocrx_word' id='word_1_81' title='bbox 787 1497 960 1566; x_wconf 84' lang='lat' dir='ltr'>(coniectura</span> <span class='ocrx_word' id='word_1_82' title='bbox 979 1514 1040 1552; x_wconf 83' lang='lat' dir='ltr'>eam</span> <span class='ocrx_word' id='word_1_83' title='bbox 1057 1498 1177 1553; x_wconf 85' lang='lat' dir='ltr'>assccnt&#39;</span> 
     </span>
     <span class='ocr_line' id='line_1_13' title="bbox 168 1583 1178 1657; baseline 0.002 -17"><span class='ocrx_word' id='word_1_84' title='bbox 168 1586 247 1640; x_wconf 82' lang='lat' dir='ltr'>erant</span> <span class='ocrx_word' id='word_1_85' title='bbox 269 1583 497 1639; x_wconf 89' lang='lat' dir='ltr'>Hemsterhusius</span> <span class='ocrx_word' id='word_1_86' title='bbox 523 1586 552 1638; x_wconf 86' lang='grc'>61</span> <span class='ocrx_word' id='word_1_87' title='bbox 574 1583 677 1639; x_wconf 81' lang='lat' dir='ltr'>Christ.</span> <span class='ocrx_word' id='word_1_88' title='bbox 703 1584 817 1642; x_wconf 82' lang='lat' dir='ltr'>Godofr.</span> <span class='ocrx_word' id='word_1_89' title='bbox 836 1584 950 1657; x_wconf 86' lang='lat' dir='ltr'>Mliller)</span> <span class='ocrx_word' id='word_1_90' title='bbox 973 1584 1009 1640; x_wconf 91' lang='lat' dir='ltr'>cf.</span> <span class='ocrx_word' id='word_1_91' title='bbox 1031 1586 1178 1642; x_wconf 80' lang='lat' dir='ltr'>Iamblich.</span> 
     </span>
     <span class='ocr_line' id='line_1_14' title="bbox 167 1670 1178 1744; baseline 0.002 -16"><span class='ocrx_word' id='word_1_92' title='bbox 167 1690 212 1742; x_wconf 90' lang='lat' dir='ltr'>ap.</span> <span class='ocrx_word' id='word_1_93' title='bbox 233 1671 309 1727; x_wconf 84' lang='lat' dir='ltr'>Stob.</span> <span class='ocrx_word' id='word_1_94' title='bbox 329 1670 387 1727; x_wconf 83' lang='lat' dir='ltr'>Ecl.</span> <span class='ocrx_word' id='word_1_95' title='bbox 402 1671 468 1741; x_wconf 88' lang='grc'>118,</span> <span class='ocrx_word' id='word_1_96' title='bbox 483 1679 500 1726; x_wconf 83' lang='lat'>4</span> <span class='ocrx_word' id='word_1_97' title='bbox 519 1673 555 1742; x_wconf 84' lang='lat' dir='ltr'>(v.</span> <span class='ocrx_word' id='word_1_98' title='bbox 571 1671 597 1725; x_wconf 89' lang='lat'>11</span> <span class='ocrx_word' id='word_1_99' title='bbox 615 1691 643 1742; x_wconf 88' lang='lat' dir='ltr'>p.</span> <span class='ocrx_word' id='word_1_100' title='bbox 660 1677 718 1740; x_wconf 78' lang='grc'>176,</span> <span class='ocrx_word' id='word_1_101' title='bbox 733 1678 750 1727; x_wconf 87' lang='grc'>4</span> <span class='ocrx_word' id='word_1_102' title='bbox 769 1673 933 1742; x_wconf 80' lang='lat' dir='ltr'>Wachsm.).</span> <span class='ocrx_word' id='word_1_103' title='bbox 960 1674 1115 1744; x_wconf 78' lang='lat' dir='ltr'>Friedlein,</span> <span class='ocrx_word' id='word_1_104' title='bbox 1134 1675 1178 1730; x_wconf 95' lang='lat' dir='ltr'>In-</span> 
     </span>
     <span class='ocr_line' id='line_1_15' title="bbox 167 1759 1178 1835; baseline 0.006 -19"><span class='ocrx_word' id='word_1_105' title='bbox 167 1763 221 1816; x_wconf 89' lang='lat' dir='ltr'>dex</span> <span class='ocrx_word' id='word_1_106' title='bbox 245 1761 282 1816; x_wconf 88' lang='lat' dir='ltr'>ed</span> <span class='ocrx_word' id='word_1_107' title='bbox 300 1762 391 1817; x_wconf 91' lang='lat' dir='ltr'>Procl.</span> <span class='ocrx_word' id='word_1_108' title='bbox 414 1761 444 1814; x_wconf 90' lang='lat' dir='ltr'>in</span> <span class='ocrx_word' id='word_1_109' title='bbox 463 1759 571 1816; x_wconf 87' lang='lat' dir='ltr'>Euclid.</span> <span class='ocrx_word' id='word_1_110' title='bbox 592 1778 612 1815; x_wconf 89' lang='lat' dir='ltr'>s.</span> <span class='ocrx_word' id='word_1_111' title='bbox 631 1779 658 1817; x_wconf 77' lang='lat' dir='ltr'>v.</span> <span class='ocrx_word' id='word_1_112' title='bbox 678 1762 766 1815; x_wconf 90' lang='lat' dir='ltr'>Busse</span> <span class='ocrx_word' id='word_1_113' title='bbox 789 1762 876 1832; x_wconf 83' lang='lat' dir='ltr'>praef.</span> <span class='ocrx_word' id='word_1_114' title='bbox 901 1762 930 1816; x_wconf 91' lang='lat' dir='ltr'>in</span> <span class='ocrx_word' id='word_1_115' title='bbox 949 1763 1083 1832; x_wconf 83' lang='lat' dir='ltr'>Porphyr.</span> <span class='ocrx_word' id='word_1_116' title='bbox 1103 1764 1178 1835; x_wconf 83' lang='lat' dir='ltr'>Isag.</span> 
     </span>
     <span class='ocr_line' id='line_1_16' title="bbox 168 1846 1179 1924; baseline 0.005 -20"><span class='ocrx_word' id='word_1_117' title='bbox 168 1870 195 1922; x_wconf 90' lang='lat' dir='ltr'>p.</span> <span class='ocrx_word' id='word_1_118' title='bbox 210 1850 270 1905; x_wconf 91' lang='lat' dir='ltr'>VII.</span> <span class='ocrx_word' id='word_1_119' title='bbox 305 1846 464 1918; x_wconf 77' lang='grc' dir='ltr'><strong><em>ἐπουσιώδη</em></strong></span> <span class='ocrx_word' id='word_1_120' title='bbox 489 1848 639 1918; x_wconf 82' lang='lat' dir='ltr'>scripserat</span> <span class='ocrx_word' id='word_1_121' title='bbox 656 1849 682 1902; x_wconf 89' lang='lat' dir='ltr'>K</span> <span class='ocrx_word' id='word_1_122' title='bbox 700 1849 735 1904; x_wconf 89' lang='lat' dir='ltr'>de</span> <span class='ocrx_word' id='word_1_123' title='bbox 755 1849 893 1920; x_wconf 75' lang='lat' dir='ltr'>scaligeri</span> <span class='ocrx_word' id='word_1_124' title='bbox 911 1851 1073 1907; x_wconf 89' lang='lat' dir='ltr'>coniectura</span> <span class='ocrx_word' id='word_1_125' title='bbox 1092 1849 1179 1924; x_wconf 79' lang='grc' dir='ltr'><strong><em>(ἒπει-</em></strong></span> 
     </span>
     <span class='ocr_line' id='line_1_17' title="bbox 165 1935 1178 2010; baseline 0.004 -15"><span class='ocrx_word' id='word_1_126' title='bbox 165 1935 253 2008; x_wconf 70' lang='lat' dir='ltr'>oecion</span> <span class='ocrx_word' id='word_1_127' title='bbox 271 1937 354 1992; x_wconf 87' lang='lat' dir='ltr'>Laur.</span> <span class='ocrx_word' id='word_1_128' title='bbox 370 1942 413 2005; x_wconf 86' lang='grc'>86,</span> <span class='ocrx_word' id='word_1_129' title='bbox 427 1942 462 2006; x_wconf 68' lang='grc'>19</span> <span class='ocrx_word' id='word_1_130' title='bbox 481 1938 511 1991; x_wconf 84' lang='grc'>61</span> <span class='ocrx_word' id='word_1_131' title='bbox 525 1937 560 2006; x_wconf 92' lang='lat' dir='ltr'>A)</span> <span class='ocrx_word' id='word_1_132' title='bbox 575 1939 584 2007; x_wconf 88' lang='grc' dir='ltr'>ΙΙ</span> <span class='ocrx_word' id='word_1_133' title='bbox 597 1956 624 2007; x_wconf 95' lang='lat' dir='ltr'>p.</span> <span class='ocrx_word' id='word_1_134' title='bbox 642 1941 684 2006; x_wconf 86' lang='grc'>16,</span> <span class='ocrx_word' id='word_1_135' title='bbox 700 1943 734 1992; x_wconf 86' lang='grc'>18</span> <span class='ocrx_word' id='word_1_136' title='bbox 753 1941 782 1992; x_wconf 82' lang='grc'>61</span> <span class='ocrx_word' id='word_1_137' title='bbox 801 1945 841 2006; x_wconf 89' lang='grc'>16,</span> <span class='ocrx_word' id='word_1_138' title='bbox 858 1944 873 1992; x_wconf 87' lang='grc'>6</span> <span class='ocrx_word' id='word_1_139' title='bbox 895 1939 1032 2010; x_wconf 78' lang='lat' dir='ltr'>‘paenitet</span> <span class='ocrx_word' id='word_1_140' title='bbox 1044 1959 1090 1996; x_wconf 89' lang='lat' dir='ltr'>me</span> <span class='ocrx_word' id='word_1_141' title='bbox 1104 1960 1178 1999; x_wconf 90' lang='lat' dir='ltr'>nunc</span> 
     </span>
     <span class='ocr_line' id='line_1_18' title="bbox 165 2025 1178 2101; baseline 0.004 -18"><span class='ocrx_word' id='word_1_142' title='bbox 165 2027 270 2083; x_wconf 86' lang='lat' dir='ltr'>futtilis</span> <span class='ocrx_word' id='word_1_143' title='bbox 285 2026 471 2094; x_wconf 87' lang='lat' dir='ltr'>coniecturae,</span> <span class='ocrx_word' id='word_1_144' title='bbox 486 2042 544 2095; x_wconf 90' lang='lat' dir='ltr'>qua</span> <span class='ocrx_word' id='word_1_145' title='bbox 554 2025 674 2082; x_wconf 83' lang='lat' dir='ltr'>Crotone</span> <span class='ocrx_word' id='word_1_146' title='bbox 685 2025 798 2082; x_wconf 81' lang='lat' dir='ltr'>seniora</span> <span class='ocrx_word' id='word_1_147' title='bbox 817 2028 902 2082; x_wconf 88' lang='lat' dir='ltr'>verba</span> <span class='ocrx_word' id='word_1_148' title='bbox 917 2026 1032 2097; x_wconf 80' lang='grc' dir='ltr'><strong><em>φύσεων</em></strong></span> <span class='ocrx_word' id='word_1_149' title='bbox 1046 2032 1076 2085; x_wconf 97' lang='grc'>61</span> <span class='ocrx_word' id='word_1_150' title='bbox 1090 2029 1178 2101; x_wconf 78' lang='grc' dir='ltr'><strong><em>φύσιν</em></strong></span> 
     </span>
     <span class='ocr_line' id='line_1_19' title="bbox 164 2111 1178 2186; baseline 0.008 -17"><span class='ocrx_word' id='word_1_151' title='bbox 164 2114 338 2171; x_wconf 77' lang='lat' dir='ltr'>attrectevi’.</span> <span class='ocrx_word' id='word_1_152' title='bbox 358 2114 459 2170; x_wconf 86' lang='lat' dir='ltr'>Vitelli</span> <span class='ocrx_word' id='word_1_153' title='bbox 472 2118 481 2185; x_wconf 82' lang='grc' dir='ltr'>Ι]</span> <span class='ocrx_word' id='word_1_154' title='bbox 495 2134 522 2185; x_wconf 92' lang='lat' dir='ltr'>p.</span> <span class='ocrx_word' id='word_1_155' title='bbox 539 2121 580 2183; x_wconf 89' lang='grc'>16,</span> <span class='ocrx_word' id='word_1_156' title='bbox 596 2121 631 2169; x_wconf 80' lang='lat'>20</span> <span class='ocrx_word' id='word_1_157' title='bbox 649 2111 824 2186; x_wconf 76' lang='grc' dir='ltr'>πράγμασιν]</span> <span class='ocrx_word' id='word_1_158' title='bbox 844 2119 969 2173; x_wconf 79' lang='lat' dir='ltr'>omuibus</span> <span class='ocrx_word' id='word_1_159' title='bbox 987 2121 1178 2178; x_wconf 67' lang='grc'>111611611-</span> 
     </span>
     <span class='ocr_line' id='line_1_20' title="bbox 165 2201 1176 2278; baseline 0.007 -20"><span class='ocrx_word' id='word_1_160' title='bbox 165 2205 256 2259; x_wconf 82' lang='lat' dir='ltr'>maru&#39;s</span> <span class='ocrx_word' id='word_1_161' title='bbox 274 2207 303 2257; x_wconf 87' lang='lat' dir='ltr'>et</span> <span class='ocrx_word' id='word_1_162' title='bbox 320 2203 355 2258; x_wconf 86' lang='lat' dir='ltr'>N.</span> <span class='ocrx_word' id='word_1_163' title='bbox 372 2201 523 2258; x_wconf 83' lang='lat' dir='ltr'>Scutellius</span> <span class='ocrx_word' id='word_1_164' title='bbox 541 2202 629 2258; x_wconf 85' lang='lat' dir='ltr'>vertit</span> <span class='ocrx_word' id='word_1_165' title='bbox 648 2203 693 2273; x_wconf 90' lang='lat' dir='ltr'>(de</span> <span class='ocrx_word' id='word_1_166' title='bbox 707 2206 784 2259; x_wconf 83' lang='lat' dir='ltr'>secta</span> <span class='ocrx_word' id='word_1_167' title='bbox 794 2203 876 2274; x_wconf 82' lang='lat' dir='ltr'>Pyth.</span> <span class='ocrx_word' id='word_1_168' title='bbox 887 2224 913 2274; x_wconf 90' lang='lat' dir='ltr'>p.</span> <span class='ocrx_word' id='word_1_169' title='bbox 925 2209 982 2274; x_wconf 79' lang='lat'><strong>28);</strong></span> <span class='ocrx_word' id='word_1_170' title='bbox 1003 2207 1052 2276; x_wconf 90' lang='lat' dir='ltr'>qui</span> <span class='ocrx_word' id='word_1_171' title='bbox 1071 2209 1176 2278; x_wconf 89' lang='lat' dir='ltr'>codice,</span> 
     </span>
     <span class='ocr_line' id='line_1_21' title="bbox 165 2291 1177 2366; baseline 0.005 -19"><span class='ocrx_word' id='word_1_172' title='bbox 165 2292 198 2347; x_wconf 90' lang='grc'>11</span> <span class='ocrx_word' id='word_1_173' title='bbox 217 2291 336 2359; x_wconf 83' lang='lat' dir='ltr'>videtur,</span> <span class='ocrx_word' id='word_1_174' title='bbox 355 2307 413 2344; x_wconf 91' lang='lat' dir='ltr'>non</span> <span class='ocrx_word' id='word_1_175' title='bbox 431 2291 588 2359; x_wconf 86' lang='lat' dir='ltr'>spernendo</span> <span class='ocrx_word' id='word_1_176' title='bbox 607 2309 673 2345; x_wconf 90' lang='lat' dir='ltr'>usus</span> <span class='ocrx_word' id='word_1_177' title='bbox 692 2293 829 2359; x_wconf 88' lang='lat' dir='ltr'>quaedam</span> <span class='ocrx_word' id='word_1_178' title='bbox 850 2311 883 2348; x_wconf 87' lang='lat' dir='ltr'>ex</span> <span class='ocrx_word' id='word_1_179' title='bbox 897 2293 1073 2366; x_wconf 86' lang='lat' dir='ltr'>Protreptico</span> <span class='ocrx_word' id='word_1_180' title='bbox 1088 2297 1177 2352; x_wconf 87' lang='lat' dir='ltr'>latins</span> 
     </span>
     <span class='ocr_line' id='line_1_22' title="bbox 164 2377 1175 2456; baseline 0.006 -20"><span class='ocrx_word' id='word_1_181' title='bbox 164 2378 303 2450; x_wconf 85' lang='lat' dir='ltr'>excerpsit</span> <span class='ocrx_word' id='word_1_182' title='bbox 325 2379 355 2433; x_wconf 91' lang='lat' dir='ltr'>in</span> <span class='ocrx_word' id='word_1_183' title='bbox 379 2377 452 2434; x_wconf 88' lang='lat' dir='ltr'>libro</span> <span class='ocrx_word' id='word_1_184' title='bbox 477 2379 525 2448; x_wconf 88' lang='lat' dir='ltr'>qui</span> <span class='ocrx_word' id='word_1_185' title='bbox 548 2378 710 2434; x_wconf 87' lang='lat' dir='ltr'>inscribitur</span> <span class='ocrx_word' id='word_1_186' title='bbox 735 2381 846 2437; x_wconf 74' lang='lat' dir='ltr'>‘ramni</span> <span class='ocrx_word' id='word_1_187' title='bbox 871 2384 903 2438; x_wconf 85' lang='lat' dir='ltr'>dc</span> <span class='ocrx_word' id='word_1_188' title='bbox 926 2384 1040 2454; x_wconf 77' lang='lat' dir='ltr'>Myster.</span> <span class='ocrx_word' id='word_1_189' title='bbox 1060 2387 1175 2456; x_wconf 75' lang='lat' dir='ltr'>Aepypt.</span> 
     </span>
     <span class='ocr_line' id='line_1_23' title="bbox 163 2467 1174 2546; baseline 0.006 -22"><span class='ocrx_word' id='word_1_190' title='bbox 163 2471 216 2525; x_wconf 87' lang='lat' dir='ltr'>etc.</span> <span class='ocrx_word' id='word_1_191' title='bbox 237 2469 354 2523; x_wconf 80' lang='lat' dir='ltr'>Nicolco</span> <span class='ocrx_word' id='word_1_192' title='bbox 372 2467 504 2523; x_wconf 80' lang='lat' dir='ltr'>Scutellio</span> <span class='ocrx_word' id='word_1_193' title='bbox 526 2469 679 2538; x_wconf 79' lang='lat' dir='ltr'>interprete.</span> <span class='ocrx_word' id='word_1_194' title='bbox 716 2471 827 2525; x_wconf 72' lang='lat' dir='ltr'>Adiecit</span> <span class='ocrx_word' id='word_1_195' title='bbox 849 2472 882 2526; x_wconf 84' lang='lat' dir='ltr'>de</span> <span class='ocrx_word' id='word_1_196' title='bbox 904 2473 963 2527; x_wconf 82' lang='lat' dir='ltr'>cita</span> <span class='ocrx_word' id='word_1_197' title='bbox 985 2476 1174 2546; x_wconf 56' lang='grc'>6186611111-</span> 
     </span>
     <span class='ocr_line' id='line_1_24' title="bbox 162 2556 1177 2630; baseline 0.007 -18"><span class='ocrx_word' id='word_1_198' title='bbox 162 2560 292 2627; x_wconf 76' lang='lat' dir='ltr'>thoporce</span> <span class='ocrx_word' id='word_1_199' title='bbox 315 2556 457 2623; x_wconf 82' lang='lat' dir='ltr'>Flosculr&#39;,</span> <span class='ocrx_word' id='word_1_200' title='bbox 482 2558 517 2612; x_wconf 85' lang='lat' dir='ltr'>ab</span> <span class='ocrx_word' id='word_1_201' title='bbox 543 2559 631 2612; x_wconf 83' lang='lat' dir='ltr'>eodem</span> <span class='ocrx_word' id='word_1_202' title='bbox 655 2559 785 2614; x_wconf 79' lang='lat' dir='ltr'>Scutellr&#39;o</span> <span class='ocrx_word' id='word_1_203' title='bbox 808 2577 841 2615; x_wconf 77' lang='lat' dir='ltr'>err</span> <span class='ocrx_word' id='word_1_204' title='bbox 864 2563 924 2630; x_wconf 72' lang='lat' dir='ltr'>apso</span> <span class='ocrx_word' id='word_1_205' title='bbox 947 2562 1101 2618; x_wconf 75' lang='lat' dir='ltr'>Iamblicho</span> <span class='ocrx_word' id='word_1_206' title='bbox 1124 2566 1177 2619; x_wconf 88' lang='lat' dir='ltr'>col-</span> 
     </span>
     <span class='ocr_line' id='line_1_25' title="bbox 163 2645 1177 2721; baseline 0.008 -21"><span class='ocrx_word' id='word_1_207' title='bbox 163 2647 235 2701; x_wconf 81' lang='lat' dir='ltr'>lccti&#39;</span> <span class='ocrx_word' id='word_1_208' title='bbox 257 2647 373 2716; x_wconf 69' lang='lat' dir='ltr'>(Romae</span> <span class='ocrx_word' id='word_1_209' title='bbox 391 2662 416 2701; x_wconf 83' lang='lat' dir='ltr'>a.</span> <span class='ocrx_word' id='word_1_210' title='bbox 434 2648 514 2714; x_wconf 84' lang='grc'>1666)</span> <span class='ocrx_word' id='word_1_211' title='bbox 537 2649 546 2716; x_wconf 76' lang='lat'>{1</span> <span class='ocrx_word' id='word_1_212' title='bbox 568 2665 595 2716; x_wconf 90' lang='lat' dir='ltr'>p.</span> <span class='ocrx_word' id='word_1_213' title='bbox 613 2651 654 2715; x_wconf 91' lang='lat'>18,</span> <span class='ocrx_word' id='word_1_214' title='bbox 669 2653 703 2702; x_wconf 78' lang='lat'>27</span> <span class='ocrx_word' id='word_1_215' title='bbox 734 2647 821 2703; x_wconf 84' lang='lat' dir='ltr'>verbu</span> <span class='ocrx_word' id='word_1_216' title='bbox 843 2649 892 2704; x_wconf 75' lang='lat' dir='ltr'>acl</span> <span class='ocrx_word' id='word_1_217' title='bbox 916 2645 1112 2721; x_wconf 77' lang='grc' dir='ltr'><strong><em>ἐπεσημήνατο</em></strong></span> <span class='ocrx_word' id='word_1_218' title='bbox 1131 2653 1177 2708; x_wconf 87' lang='lat' dir='ltr'>vel</span> 
     </span>
     <span class='ocr_line' id='line_1_26' title="bbox 163 2735 1177 2808; baseline 0.009 -20"><span class='ocrx_word' id='word_1_219' title='bbox 163 2736 278 2804; x_wconf 86' lang='lat' dir='ltr'>propter</span> <span class='ocrx_word' id='word_1_220' title='bbox 305 2750 482 2789; x_wconf 90' lang='lat' dir='ltr'>communem</span> <span class='ocrx_word' id='word_1_221' title='bbox 510 2735 630 2790; x_wconf 78' lang='lat' dir='ltr'>formam</span> <span class='ocrx_word' id='word_1_222' title='bbox 653 2738 783 2805; x_wconf 87' lang='lat' dir='ltr'>suspecte</span> <span class='ocrx_word' id='word_1_223' title='bbox 806 2754 863 2792; x_wconf 93' lang='lat' dir='ltr'>non</span> <span class='ocrx_word' id='word_1_224' title='bbox 886 2737 1003 2808; x_wconf 89' lang='lat' dir='ltr'>respicit</span> <span class='ocrx_word' id='word_1_225' title='bbox 1024 2741 1123 2798; x_wconf 88' lang='lat' dir='ltr'>lambl.</span> <span class='ocrx_word' id='word_1_226' title='bbox 1147 2743 1177 2797; x_wconf 91' lang='lat' dir='ltr'>in</span> 
     </span>
     <span class='ocr_line' id='line_1_27' title="bbox 163 2821 1176 2894; baseline 0.01 -18"><span class='ocrx_word' id='word_1_227' title='bbox 163 2821 350 2892; x_wconf 86' lang='lat' dir='ltr'>explicatione</span> <span class='ocrx_word' id='word_1_228' title='bbox 369 2840 395 2891; x_wconf 88' lang='lat' dir='ltr'>p.</span> <span class='ocrx_word' id='word_1_229' title='bbox 413 2829 564 2894; x_wconf 87' lang='lat' dir='ltr'>19,18sq.</span> <span class='ocrx_word' id='word_1_230' title='bbox 588 2826 598 2893; x_wconf 87' lang='grc' dir='ltr'>ΙΙ</span> <span class='ocrx_word' id='word_1_231' title='bbox 620 2842 647 2894; x_wconf 91' lang='lat' dir='ltr'>p.</span> <span class='ocrx_word' id='word_1_232' title='bbox 665 2830 742 2894; x_wconf 79' lang='grc'>19,7</span> <span class='ocrx_word' id='word_1_233' title='bbox 768 2825 934 2881; x_wconf 76' lang='lat' dir='ltr'>‘Schneider</span> <span class='ocrx_word' id='word_1_234' title='bbox 956 2828 987 2882; x_wconf 92' lang='lat' dir='ltr'>in</span> <span class='ocrx_word' id='word_1_235' title='bbox 1010 2829 1101 2885; x_wconf 87' lang='lat' dir='ltr'>lexico</span> <span class='ocrx_word' id='word_1_236' title='bbox 1126 2848 1176 2885; x_wconf 90' lang='lat' dir='ltr'>suo</span> 
     </span>
    </p>
   </div>
   <div class='ocr_carea' id='block_1_5' title="bbox 160 2982 1177 3584">
    <p class='ocr_par' dir='ltr' id='par_1_6' title="bbox 160 2982 1177 3584">
     <span class='ocr_line' id='line_1_28' title="bbox 237 2982 1176 3058; baseline 0.012 -24"><span class='ocrx_word' id='word_1_237' title='bbox 237 2985 263 3052; x_wconf 88' lang='lat'>1)</span> <span class='ocrx_word' id='word_1_238' title='bbox 281 2983 421 3051; x_wconf 84' lang='lat' dir='ltr'>Archytae</span> <span class='ocrx_word' id='word_1_239' title='bbox 443 2982 612 3052; x_wconf 86' lang='lat' dir='ltr'>philosopho</span> <span class='ocrx_word' id='word_1_240' title='bbox 636 2983 788 3042; x_wconf 84' lang='lat' dir='ltr'>Tarentino</span> <span class='ocrx_word' id='word_1_241' title='bbox 811 2985 999 3041; x_wconf 86' lang='lat' dir='ltr'>adscribenda</span> <span class='ocrx_word' id='word_1_242' title='bbox 1021 3005 1081 3042; x_wconf 79' lang='lat' dir='ltr'>esse</span> <span class='ocrx_word' id='word_1_243' title='bbox 1104 3007 1176 3058; x_wconf 83' lang='lat' dir='ltr'>quae</span> 
     </span>
     <span class='ocr_line' id='line_1_29' title="bbox 164 3070 1177 3145; baseline 0.007 -19"><span class='ocrx_word' id='word_1_244' title='bbox 164 3088 197 3126; x_wconf 85' lang='lat' dir='ltr'>ex</span> <span class='ocrx_word' id='word_1_245' title='bbox 220 3070 292 3127; x_wconf 90' lang='lat' dir='ltr'>libro</span> <span class='ocrx_word' id='word_1_246' title='bbox 311 3071 382 3140; x_wconf 71' lang='grc' dir='ltr'><strong><em>Περὶ</em></strong></span> <span class='ocrx_word' id='word_1_247' title='bbox 406 3073 510 3139; x_wconf 78' lang='grc' dir='ltr'><strong><em>σοφίας</em></strong></span> <span class='ocrx_word' id='word_1_248' title='bbox 533 3071 697 3127; x_wconf 83' lang='lat' dir='ltr'>adferuntur</span> <span class='ocrx_word' id='word_1_249' title='bbox 719 3076 910 3143; x_wconf 82' lang='lat' dir='ltr'>(pp.16-24)</span> <span class='ocrx_word' id='word_1_250' title='bbox 933 3075 1105 3145; x_wconf 81' lang='lat' dir='ltr'>fragmenta,</span> <span class='ocrx_word' id='word_1_251' title='bbox 1129 3079 1177 3133; x_wconf 85' lang='lat' dir='ltr'>vix</span> 
     </span>
     <span class='ocr_line' id='line_1_30' title="bbox 165 3158 1177 3232; baseline 0.008 -16"><span class='ocrx_word' id='word_1_252' title='bbox 165 3159 220 3216; x_wconf 85' lang='lat' dir='ltr'>erit</span> <span class='ocrx_word' id='word_1_253' title='bbox 242 3160 292 3228; x_wconf 90' lang='lat' dir='ltr'>qui</span> <span class='ocrx_word' id='word_1_254' title='bbox 311 3161 415 3215; x_wconf 87' lang='lat' dir='ltr'>credat.</span> <span class='ocrx_word' id='word_1_255' title='bbox 453 3158 483 3214; x_wconf 83' lang='lat' dir='ltr'>si</span> <span class='ocrx_word' id='word_1_256' title='bbox 501 3160 563 3228; x_wconf 89' lang='lat' dir='ltr'>quis</span> <span class='ocrx_word' id='word_1_257' title='bbox 581 3159 665 3215; x_wconf 82' lang='lat' dir='ltr'>aliter</span> <span class='ocrx_word' id='word_1_258' title='bbox 683 3165 809 3230; x_wconf 89' lang='lat' dir='ltr'>censeat,</span> <span class='ocrx_word' id='word_1_259' title='bbox 828 3179 878 3232; x_wconf 88' lang='lat' dir='ltr'>per</span> <span class='ocrx_word' id='word_1_260' title='bbox 896 3180 941 3218; x_wconf 87' lang='lat' dir='ltr'>me</span> <span class='ocrx_word' id='word_1_261' title='bbox 959 3163 1027 3218; x_wconf 89' lang='lat' dir='ltr'>licet</span> <span class='ocrx_word' id='word_1_262' title='bbox 1044 3165 1177 3224; x_wconf 84' lang='lat' dir='ltr'>restituat</span> 
     </span>
     <span class='ocr_line' id='line_1_31' title="bbox 163 3247 1176 3318; baseline 0.009 -15"><span class='ocrx_word' id='word_1_263' title='bbox 163 3248 286 3304; x_wconf 88' lang='lat' dir='ltr'>doricam</span> <span class='ocrx_word' id='word_1_264' title='bbox 301 3249 453 3303; x_wconf 88' lang='lat' dir='ltr'>dialectum</span> <span class='ocrx_word' id='word_1_265' title='bbox 466 3247 579 3316; x_wconf 81' lang='lat' dir='ltr'>qualem</span> <span class='ocrx_word' id='word_1_266' title='bbox 589 3247 730 3318; x_wconf 80' lang='lat' dir='ltr'>Archytae</span> <span class='ocrx_word' id='word_1_267' title='bbox 744 3250 949 3305; x_wconf 84' lang='lat' dir='ltr'>restituendam</span> <span class='ocrx_word' id='word_1_268' title='bbox 963 3251 1042 3308; x_wconf 87' lang='lat' dir='ltr'>ducit</span> <span class='ocrx_word' id='word_1_269' title='bbox 1050 3254 1176 3312; x_wconf 89' lang='lat' dir='ltr'>Blassius</span> 
     </span>
     <span class='ocr_line' id='line_1_32' title="bbox 161 3337 1175 3414; baseline 0.005 -20"><span class='ocrx_word' id='word_1_270' title='bbox 161 3339 192 3394; x_wconf 92' lang='lat' dir='ltr'>in</span> <span class='ocrx_word' id='word_1_271' title='bbox 203 3338 348 3406; x_wconf 70' lang='lat' dir='ltr'>Mdlurpes</span> <span class='ocrx_word' id='word_1_272' title='bbox 358 3337 458 3392; x_wconf 77' lang='lat' dir='ltr'>Graux</span> <span class='ocrx_word' id='word_1_273' title='bbox 471 3357 498 3408; x_wconf 91' lang='lat' dir='ltr'>p.</span> <span class='ocrx_word' id='word_1_274' title='bbox 510 3342 561 3393; x_wconf 81' lang='grc'>676</span> <span class='ocrx_word' id='word_1_275' title='bbox 572 3356 632 3407; x_wconf 88' lang='lat' dir='ltr'>sqq.</span> <span class='ocrx_word' id='word_1_276' title='bbox 656 3338 717 3408; x_wconf 85' lang='lat' dir='ltr'>Ego</span> <span class='ocrx_word' id='word_1_277' title='bbox 732 3340 830 3393; x_wconf 87' lang='lat' dir='ltr'>contra</span> <span class='ocrx_word' id='word_1_278' title='bbox 843 3340 914 3394; x_wconf 89' lang='lat' dir='ltr'>bene</span> <span class='ocrx_word' id='word_1_279' title='bbox 928 3341 1030 3397; x_wconf 85' lang='lat' dir='ltr'>multas</span> <span class='ocrx_word' id='word_1_280' title='bbox 1044 3343 1175 3414; x_wconf 84' lang='lat' dir='ltr'>vulgares</span> 
     </span>
     <span class='ocr_line' id='line_1_33' title="bbox 160 3425 1175 3502; baseline 0.008 -22"><span class='ocrx_word' id='word_1_281' title='bbox 160 3425 266 3483; x_wconf 81' lang='lat' dir='ltr'>formas</span> <span class='ocrx_word' id='word_1_282' title='bbox 281 3425 422 3495; x_wconf 88' lang='lat' dir='ltr'>patienter</span> <span class='ocrx_word' id='word_1_283' title='bbox 435 3425 497 3494; x_wconf 83' lang='lat' dir='ltr'>tuli,</span> <span class='ocrx_word' id='word_1_284' title='bbox 517 3427 566 3480; x_wconf 89' lang='lat' dir='ltr'>sed</span> <span class='ocrx_word' id='word_1_285' title='bbox 585 3427 614 3481; x_wconf 91' lang='lat' dir='ltr'>in</span> <span class='ocrx_word' id='word_1_286' title='bbox 633 3430 731 3497; x_wconf 87' lang='lat' dir='ltr'>aperto</span> <span class='ocrx_word' id='word_1_287' title='bbox 751 3429 794 3482; x_wconf 89' lang='lat' dir='ltr'>est</span> <span class='ocrx_word' id='word_1_288' title='bbox 812 3445 847 3483; x_wconf 91' lang='lat' dir='ltr'>nc</span> <span class='ocrx_word' id='word_1_289' title='bbox 866 3432 1047 3498; x_wconf 86' lang='lat' dir='ltr'>personatum</span> <span class='ocrx_word' id='word_1_290' title='bbox 1061 3433 1175 3502; x_wconf 87' lang='lat' dir='ltr'>quidem</span> 
     </span>
     <span class='ocr_line' id='line_1_34' title="bbox 161 3510 969 3584; baseline 0.006 -14"><span class='ocrx_word' id='word_1_291' title='bbox 161 3517 314 3584; x_wconf 81' lang='lat' dir='ltr'>Archytam</span> <span class='ocrx_word' id='word_1_292' title='bbox 334 3515 418 3568; x_wconf 89' lang='lat' dir='ltr'>modo</span> <span class='ocrx_word' id='word_1_293' title='bbox 439 3510 501 3569; x_wconf 75' lang='grc' dir='ltr'>ἐντί</span> <span class='ocrx_word' id='word_1_294' title='bbox 516 3515 600 3569; x_wconf 87' lang='lat' dir='ltr'>modo</span> <span class='ocrx_word' id='word_1_295' title='bbox 620 3510 681 3569; x_wconf 76' lang='grc' dir='ltr'><strong><em>ἐστί</em></strong></span> <span class='ocrx_word' id='word_1_296' title='bbox 696 3515 816 3571; x_wconf 88' lang='lat' dir='ltr'>scribere</span> <span class='ocrx_word' id='word_1_297' title='bbox 836 3516 969 3584; x_wconf 85' lang='lat' dir='ltr'>potuisse.</span> 
     </span>
    </p>
   </div>
   <div class='ocr_carea' id='block_1_6' title="bbox 0 0 1342 3932">
    <p class='ocr_par' dir='ltr' id='par_1_7' title="bbox 0 0 1342 3932">
     <span class='ocr_line' id='line_1_35' title="bbox 0 0 1342 3932; baseline 0 1"><span class='ocrx_word' id='word_1_298' title='bbox 0 0 1342 3932; x_wconf 95' lang='lat' dir='ltr'> </span> 
     </span>
    </p>
   </div>
  </div>
 </body>
</html>
