2670 3932
183 213 247 279 104
594 209 785 266 IAMBLIOHI

182 375 223 442 ού
245 376 309 460 γδιρ
333 367 407 440 οἷόν
428 397 464 439 τε
483 373 685 461 ἀνθρώπους
703 374 784 438 ἀνευ
806 375 922 458 νόμων
944 369 1000 439 καί
1019 372 1112 456 δίκης
1131 373 1197 454 ζῆν.

182 483 263 547 ὅταν
287 475 349 547 ούν
372 489 476 546 ταῦτα
499 481 539 545 τά
564 481 626 546 δύο
650 479 686 545 ἐκ
708 487 769 545 τοῦ
791 481 944 563 πλήθους
966 478 1099 563 ἐκλίπη,
1123 476 1141 542 ό
1164 499 1199 542 τε

182 590 286 673 νόμος
302 586 358 652 καὶ
375 587 397 671 ή
417 589 503 670 δίκη,
526 589 600 653 τότε
618 588 682 671 ήδη
702 587 749 664 είς
767 584 826 652 ἕνα
845 585 1031 671 ἀποχωρεῖν
1051 584 1112 666 τήν
1131 582 1199 648 ἐπι-

182 696 323 780 τροπίαν
346 693 474 760 τούτων
496 691 552 759 καὶ
575 696 738 778 φυλακήν.
784 702 854 770 πῶς
875 693 939 777 γὰρ
963 680 1005 756 ἀν
1023 690 1130 767 ἄλλως
1153 689 1200 766 είς

157 799 243 867 εὲνα
265 802 429 886 μοναρχία
450 801 635 887 περισταίη,
662 800 694 865 εί
714 799 759 883 μή
782 807 844 864 τοῦ
865 800 972 882 νόμου
996 794 1201 876 ἐξωσθέντος
1329 815 1330 821 ’

183 916 244 972 τοῦ
266 913 312 995 τῷ
335 909 458 990 πλήθει
481 905 727 991 συμφέροντος,
751 907 806 970 δεῖ
825 905 889 990 γδιρ
911 904 972 969 τὸν
996 904 1103 990 ἀνδρα
1125 909 1201 968 τού-

183 1035 258 1097 τον,
287 1012 324 1089 ὃς
350 1013 412 1096 τήν
440 1013 538 1097 δίκην
560 1013 716 1078 καταλύει
743 1009 799 1077 καί
825 1011 886 1076 τὸν
910 1012 1016 1094 νόμον
1039 1011 1099 1075 τὸν
1120 1017 1202 1074 πᾶσι

184 1120 301 1185 κοινὸν
314 1117 370 1185 καί
387 1116 602 1204 συμφέροντα
617 1117 847 1205 ἀφαιρήσεται,
868 1115 1095 1200 ἀδαμάντινον
1110 1112 1202 1198 γενέ-

185 1230 279 1308 σθαι,
303 1226 334 1290 εί
350 1221 462 1310 μέλλει
480 1226 639 1307 συλήσειν
657 1232 760 1290 ταῦτα
778 1223 868 1310 παρὰ
885 1230 946 1288 τοῦ
965 1223 1117 1304 πλήθους
1134 1231 1203 1287 τῶν

147 1355 172 1395 ιο
186 1331 376 1417 ἀνθρώπων
395 1322 442 1408 εἷς
461 1331 509 1396 ὢν
522 1331 612 1416 παρὰ
625 1335 772 1396 πολλῶν·
792 1329 950 1414 σύρκινος
963 1325 1001 1394 δὲ
1014 1325 1070 1393 καὶ
1089 1327 1204 1412 ὅμοιος

186 1449 255 1515 τοῖς
282 1443 411 1515 λοιποῖς
437 1439 617 1521 γενόμενος
644 1444 747 1502 ταῦτα
779 1432 841 1521 μὲν
873 1434 935 1501 ούκ
963 1433 1005 1504 ἀν
1037 1435 1203 1518 δυνηθείη

186 1551 337 1628 ποιήσαι,
365 1543 525 1609 τάναντία
553 1540 590 1609 δὲ
619 1541 831 1609 ἐκλελοιπότα
854 1541 1015 1618 καθιστὰς
1038 1541 1204 1625 μοναρχή-

187 1667 276 1717 σειεν
295 1652 351 1717 ἀν·
373 1651 426 1717 διὸ
445 1648 500 1716 καὶ
519 1652 720 1734 γιγνόμενον
738 1657 837 1714 τοῦτο
856 1647 968 1726 ἐνίους
985 1657 1053 1713 τῶν
1072 1647 1205 1734 ἀνθρώ-

188 1777 260 1823 πων
283 1758 454 1823 λανθάνει.
500 1758 532 1822 εί
556 1759 674 1821 τοίνυν
701 1755 872 1821 τοσούτων
898 1751 959 1839 μὲν
983 1754 1071 1819 αίτία
1094 1762 1205 1819 κακῶν
1324 1757 1330 1764 ”

149 1885 174 1929 ω
189 1865 279 1931 ἐστιν
298 1863 430 1948 ἀνομία,
454 1870 617 1928 τοσούτου
636 1859 674 1927 δὲ
692 1860 824 1944 ἀγαθὸν
843 1860 993 1945 εὐνομία,
1017 1860 1080 1926 ούιι
1098 1860 1206 1936 ἀλλως

189 1974 296 2036 ἔνεστι
310 1980 422 2054 τυχεῖν
437 1967 651 2052 εὐδαιμονίας
665 1968 697 2034 εί
713 1969 757 2052 μή
771 1989 821 2044 τις
834 1969 941 2052 νόμον
959 1966 1106 2051 ἡγεμόνα
1124 1988 1206 2051 προ·
1327 2039 1329 2044 ,

189 2077 344 2159 στήσαιτο
362 2083 423 2140 τοῦ
443 2075 569 2140 οίκείου
587 2077 673 2158 βίου.
710 2068 809 2151 οὗτος
828 2071 859 2138 δ’
882 2070 951 2138 ἐστὶ
970 2075 1068 2157 λόγος
1089 2073 1205 2158 ὀρθός,
1221 2089 1293 2133 τινα

188 2182 401 2268 προστάττων
429 2177 490 2266 μὲν
517 2180 538 2246 δ
566 2182 620 2246 δεῖ
648 2190 758 2246 ποιεῖν
790 2178 1010 2266 ἀπαγορεύων
1038 2175 1075 2244 δὲ
1107 2177 1128 2242 ἀ
1161 2178 1205 2261 μή

95 2365 99 2370 ,
189 2291 262 2376 χρή,
286 2291 324 2354 ἔν
342 2309 378 2354 τε
395 2295 441 2377 τῷ
460 2285 560 2354 παντὶ
578 2290 690 2374 κόσμῳ
709 2285 764 2354 καὶ
783 2285 820 2352 ἐν
838 2287 954 2352 πόλεσι
977 2282 1032 2350 καί
1051 2284 1087 2350 ἐν
1108 2285 1207 2360 ίδίοις

149 2414 176 2456 ιο
191 2401 295 2472 οῖκοις
317 2391 373 2459 καλ
397 2394 485 2481 αὐτῷ
509 2417 576 2460 τινι
600 2393 724 2481 ἕκάστςο
748 2394 831 2479 πρὸς
854 2391 983 2458 ἑαυτόν.
1029 2393 1061 2457 εί
1088 2393 1207 2456 τοίνυν
1325 2443 1330 2472 χ

190 2503 249 2567 τὸν
271 2509 426 2566 τοιοῦτον
450 2503 553 2584 λόγον
575 2498 650 2585 περὶ
675 2499 814 2583 ἀγαθῶν
837 2497 892 2564 καί
914 2509 1025 2564 κακῶν
1049 2499 1129 2564 όντα
1151 2495 1208 2562 καί

190 2613 301 2674 καλῶν
333 2605 389 2674 καὶ
416 2607 563 2692 αἰσχρῶν
593 2606 654 2690 οὐχ
688 2597 762 2671 οἷόν
788 2628 823 2670 τε
856 2606 964 2682 ἀλλως
996 2610 1119 2689 μαθεῖν
1150 2602 1207 2668 καὶ
1221 2622 1295 2664 soen

191 2716 315 2798 γνόντα
339 2713 582 2794 τελεώσασθαι,
612 2713 643 2776 εί
664 2713 709 2796 μή
735 2734 785 2788 τις
812 2709 931 2788 τελέως
954 2713 1206 2796 φιλοσοφήσειε,

191 2819 320 2884 τούτων
348 2817 444 2883 ἕνεκα
472 2819 680 2902 φιλοσοφίαν
708 2815 869 2902 ἀσκητέον
901 2817 1036 2883 πόντων
1066 2816 1208 2900 μάλιστα

152 2943 178 2986 ω
191 2936 259 2991 τῶν
283 2924 511 3012 ἀνθρωπίνων
534 2923 812 3008 ἐπιτηδευμάτων.

280 3032 366 3098 XXI.
394 3035 592 3097 Τελευταῖον
607 3031 648 3114 δή
663 3033 788 3116 τρόπον
802 3031 849 3106 είς
863 3029 1056 3116 προτροπήν
1069 3031 1207 3111 τίθεμεν

192 3139 252 3204 τὸν
274 3137 338 3204 ἀπὸ
362 3147 429 3204 τῶν
453 3139 642 3222 συμβόλων,
666 3138 725 3202 τὸν
745 3133 806 3222 μὲν
829 3137 918 3201 ίδιον
936 3137 1018 3202 ὄντα
1040 3143 1098 3218 τῆς
1121 3131 1208 3216 αίρέ-

282 3301 325 3349 27.
344 3313 371 3364 p.
387 3299 447 3363 105,
462 3299 496 3348 25
516 3294 549 3348 cf.
569 3311 596 3363 p.
613 3298 757 3364 7‚183qq.

284 3441 299 3490 ’ί
314 3434 466 3490 καταλύσει
481 3433 515 3491 οἱ.
530 3434 555 3488 Κ
569 3435 578 3502 ΙΙ
594 3440 625 3488 12
640 3435 766 3502 συλῆσαι,
780 3431 965 3489 τούναντίονῖ
980 3431 1079 3487 Vitelli
1092 3433 1101 3500 ΙΙ
1116 3437 1149 3485 15
1164 3451 1209 3484 το-

194 3502 302 3560 σούτων
322 3505 354 3560 δὲ
376 3502 498 3574 ἀγαθῶν
520 3521 554 3560 ex
572 3505 628 3560 Oiz.
648 3506 744 3573 Kn20
763 3500 852 3575 αύτῷ]
873 3499 949 3558 αύτῶ
964 3504 974 3574 ΙΙ
992 3509 1026 3558 26
1045 3498 1208 3572 προτροπὴν

195 3575 267 3628 coni.
286 3573 324 3628 K:
344 3570 509 3646 ἀποτροπὴν
530 3574 670 3644 (similiter
688 3594 715 3644 p.
731 3581 772 3641 16,
788 3581 802 3629 1
818 3570 972 3643 ἀποτρέπει
987 3572 1171 3644 apographa).
