2674 3932
165 185 207 249 68
573 180 764 236 IAMBLICHI

164 370 277 422 τοντες
301 350 389 428 ζῶσι,
412 347 541 428 χαίρειν
564 345 712 419 εἰπόντες
735 344 776 408 ού
799 344 881 407 κατὰ
900 345 940 407 τά
958 345 1042 408 αύτά
1060 346 1179 429 πορεύ-
1194 368 1271 408 ιοειτ.

166 477 260 518 ονται
283 452 411 534 αὐτοῖς,
436 450 480 526 ὡς
504 449 565 515 οὐκ
588 451 714 515 εἰδόσιν
737 449 801 534 ὅπη
830 452 998 534 ἔρχονται,
1023 450 1118 516 αὐτοὶ
1143 449 1179 518 δὲ

165 560 347 644 ἡγούμενοι
370 557 412 623 ού
435 559 507 622 δεῖν
526 555 660 621 ἐναντία
682 564 722 640 τῇ
744 559 928 643 φιλοσοφία
946 557 1101 642 πράττειν
1124 557 1180 624 καὶ

164 674 204 750 τῇ
237 665 364 749 ἐκείνης
391 665 485 729 λύσει
516 686 551 728 τε
583 661 639 728 καὶ
671 668 833 751 καθαρμῷ
867 663 970 748 ταύτη
1002 663 1179 749 τρέπονται

139 772 275 857 σέκείνη
309 770 482 855 ἑπόμενοι,
518 761 540 856 ᾗ
578 769 687 853 ἐκείνη
724 768 909 853 ὑφηγεῖται.
955 772 1179 853 γιγνώσκουσι

165 879 229 962 γάρ
254 879 289 943 οί
309 882 510 963 φιλομαθεῖς
532 876 583 941 ὅτι
601 879 840 960 παραλαβοῦσα
861 876 972 941 αὐτῶν
989 877 1051 960 τὴν
1069 881 1180 963 ψυχὴν

165 985 186 1066 ἡ
210 987 394 1070 φιλοσοφία
417 983 561 1067 ἀτεχνῶς
584 980 823 1066 διαδεδεμένον
847 981 884 1047 ἐν
907 990 952 1070 τῷ
977 985 1103 1067 σάματι
1125 983 1179 1050 καὶ

166 1087 515 1175 προσκεκολλημένην,
542 1088 812 1172 ἀναγκαζομένην
840 1085 877 1154 δέ
901 1090 1011 1174 ὥσπερ
1036 1089 1080 1155 δι’
1108 1090 1180 1177 ἑργ-

167 1205 233 1280 μοῦ
261 1198 316 1262 διά
343 1199 465 1261 τούτου
494 1201 692 1260 σκοπεῖσθαι
718 1195 759 1259 τά
789 1196 870 1260 ὄντα
898 1196 980 1261 ἀλλά
1007 1198 1050 1281 μὴ
1076 1197 1181 1281 αὐτὴν
1195 1217 1256 1258 τοι.

128 1321 153 1360 1⁰
170 1300 213 1367 δι’
241 1302 356 1386 αὐτῆς,
388 1300 444 1367 καὶ
476 1302 513 1367 ἐν
540 1302 629 1386 πάση
657 1301 786 1388 ἀμαθίᾳ
812 1302 1093 1387 κυλινδουμένην,
1126 1303 1182 1369 καὶ

166 1417 227 1473 τοῦ
246 1405 371 1493 ἕργμοῦ
389 1409 451 1492 την
471 1409 644 1491 δεινότητα
663 1409 845 1473 κατιδοῦσα
865 1408 915 1473 ὅτι
934 1406 979 1472 δι’
1002 1408 1182 1493 ἐπιδημίας

168 1514 273 1596 ἐστίν,
303 1514 348 1590 ὡς
375 1512 416 1578 ἀν
445 1514 586 1598 μάλιστα
614 1512 713 1589 αὐτὸς
741 1512 758 1578 ὁ
785 1512 961 1597 δεδεμένος
988 1513 1181 1601 ξυλλήπτωρ

168 1627 218 1704 είη
249 1629 294 1708 τῷ
329 1619 503 1703 δεδέσθαι,
531 1655 568 1667 -
597 1620 676 1704 ὅπερ
710 1614 771 1685 οὖν
802 1617 903 1703 λέγω,
936 1621 1182 1705 γιγνώσκουσιν

169 1727 205 1792 ολ
233 1732 434 1812 φιλομαθεῖς
466 1727 517 1792 ὅτι
555 1727 641 1791 οὕτω
678 1730 916 1812 παραλαβοῦσα
948 1727 969 1811 ἡ
1000 1732 1182 1814 φιλοσοφία

129 1851 154 1892 15
169 1835 311 1916 ἐχονσαν
345 1833 455 1897 αὐτῶν
485 1833 546 1915 τὴν
573 1834 684 1916 ψυχὴν
717 1831 823 1916 ἠρέμα
853 1841 1097 1918 παραμυθεῖται
1128 1835 1183 1900 καὶ

169 1941 263 2004 λύειν
287 1938 454 2024 ἐπιχειρεῖ,
478 1936 714 2022 ἐνδεικνυμένη
739 1938 789 2003 ὅτι
813 1938 938 2022 ἀπάτης
957 1937 1062 2025 <μὲν>
1082 1944 1182 2026 μεστὴ

167 2045 189 2127 ἡ
218 2045 274 2109 διά
305 2054 373 2110 τῶν
405 2044 562 2128 ὀμμάτων
592 2043 721 2127 σκέψις,
755 2044 881 2128 ἀπάτης
913 2043 949 2110 δὲ
979 2047 1000 2131 ἡ
1029 2050 1084 2114 διὰ
1116 2061 1183 2115 τῶν

170 2151 265 2215 ὤτων
296 2147 352 2216 καὶ
388 2161 455 2215 τῶν
488 2152 598 2216 ἀλλων
631 2153 839 2235 αἰσθήσεων,
875 2156 1042 2220 πείθουσα
1080 2153 1116 2221 δὲ
1148 2156 1184 2221 ἐκ

168 2257 298 2322 τούτων
326 2252 387 2339 μὲν
415 2255 601 2343 ἀναχωρεῖν
629 2259 711 2323 ὅσον
734 2260 778 2343 μὴ
810 2259 937 2344 ἀνάγκη
966 2261 1079 2337 αὐτοῖς
1106 2271 1185 2347 χρῆ·
1325 2245 1326 2302 λ

131 2383 158 2422 ιο
172 2370 265 2446 σθαι,
285 2363 390 2446 αὐτὴν
410 2359 447 2428 δέ
465 2366 513 2440 είς
532 2365 637 2448 αὑτὴν
652 2364 872 2449 ξυλλέγεσθαι
889 2365 945 2432 καὶ
964 2367 1184 2452 ἀθροίζεσθαι
1325 2359 1326 2372 ’

169 2467 474 2555 παρακελευομένη,
512 2473 679 2536 πιστεύειν
713 2468 750 2536 δέ
782 2471 902 2556 μηδενὶ
933 2475 1021 2562 ἀλλφ
1056 2472 1127 2540 ἀλλ’
1160 2474 1275 2559 ἢκουες.
1325 2555 1326 2558 ¹

170 2577 275 2659 αὐτὴν
308 2575 406 2659 αὑτῇ,
437 2577 455 2640 ὅ
483 2599 515 2640 τι
543 2577 585 2642 ἀν
608 2581 713 2662 νοηση
744 2578 827 2660 αὐτη
860 2576 937 2644 καθ’
970 2579 1075 2665 αὐτην
1103 2581 1184 2647 αὐτὸ

169 2680 249 2747 καθ’
277 2680 358 2745 αὑτὸ
386 2691 454 2746 τῶν
478 2683 602 2764 ὄντων,
631 2684 648 2747 δ’
676 2706 708 2747 τι
737 2679 767 2747 δ’
794 2683 835 2748 ἀν
863 2683 908 2750 δι’
939 2687 1050 2751 ἀλλων
1079 2695 1184 2773 σκοπῇ

170 2788 207 2854 ἐν
231 2789 343 2862 ἀλλοις
366 2786 406 2850 δν
429 2787 526 2870 ἀλλο,
555 2785 660 2872 μηδὲν
687 2790 844 2873 ἡγεῖσθαι
872 2791 1008 2875 ἀληθές·
1037 2788 1124 2858 εἶναι
1147 2791 1184 2859 δὲ

131 2912 157 2952 ιε
171 2895 208 2959 τὸ
233 2890 294 2977 μὲν
315 2900 471 2956 τοιοῦτον
495 2895 659 2978 αἰσθητόν
682 2918 716 2960 τε
744 2894 800 2961 καὶ
827 2896 964 2982 ὁρατόν,
993 2899 1010 2965 δ
1039 2897 1077 2964 δὲ
1101 2900 1183 2983 αῦτη

171 3001 233 3087 ὁρᾷ
257 2999 380 3081 νοητόν
407 3022 442 3064 τε
469 2998 524 3064 καὶ
552 3000 667 3078 ἀειδές.
712 3003 815 3088 ταύτῃ
845 2999 907 3069 οὖν
934 3013 973 3090 τῇ
1001 3007 1095 3072 λύσει
1123 3007 1185 3071 οὐκ

171 3103 307 3189 οἰομένη
340 3105 412 3170 δεῖν
443 3104 682 3171 ἐναντιοῦσθαι
709 3107 730 3191 ἡ
759 3118 820 3173 τοῦ
847 3109 897 3186 ’ὡς
929 3110 1063 3194 άληθῶς
1090 3117 1185 3196 φιλο-

171 3215 281 3295 σόφου
304 3211 393 3296 ψυχὴ
418 3212 524 3290 οὕτως
551 3211 703 3298 ἀπέχεται
730 3225 797 3280 τῶν
820 3215 953 3298 ἡδονῶν
976 3240 1011 3281 τε
1038 3217 1093 3282 καὶ
1116 3219 1185 3284 ἐπι·
1325 3273 1326 3346 η

194 3542 198 3552 Ι
225 3543 229 3552 Ι
262 3477 277 3524 5
297 3467 392 3540 ἐκείνη
410 3475 558 3560 αδαηυηηιιθ
572 3478 612 3544 118
632 3477 660 3559 qt
680 3481 712 3558 31
733 3473 848 3560 είργμοῦ
863 3476 885 3529 Ρ
899 3480 913 3566 λη
924 3483 956 3534 16
976 3479 1027 3545 μὲν
1047 3482 1116 3535 exP
1135 3483 1184 3536 ad·

173 3542 245 3594 d1d1t
264 3541 289 3593 K
302 3544 311 3608 ΙΙ
325 3547 359 3595 20
379 3541 419 3604 είς
438 3565 528 3612 αντην
542 3547 551 3612 ΙΙ
565 3550 599 3597 22
619 3546 703 3615 αντη]
724 3565 795 3613 αντη
815 3550 824 3616 ΙΙ
843 3554 876 3602 26
895 3549 990 3612 αειδές
1010 3552 1068 3604 PA:
1089 3547 1183 3620 ἀηδές.
