2670 3932
179 192 222 257 94
586 191 778 246 IAMBLICHI

177 357 272 419 λιστα
297 353 528 440 έμφαίνουσαν
551 362 665 436 τοῦτο,
692 354 737 430 ὡς
760 353 821 418 οὐκ
843 352 1048 419 ἀπέσπασται
1070 354 1112 419 τά
1133 363 1195 421 τοῦ

177 463 280 542 λόγου
312 469 373 526 τοῦ
404 461 486 525 κατά
523 463 730 544 φιλοσοφίαν
766 457 865 545 μέρη,
903 469 1024 544 συνεχῆ
1058 457 1089 524 δ’
1126 460 1195 526 έστὶ
1325 535 1333 553 ¹

177 566 284 631 πάντα
312 568 395 648 πρὸς
418 569 552 650 ἀλληλα.
597 568 680 632 κατά
709 567 749 650 δὴ
773 566 897 649 ταύτην
922 561 985 630 οὖν
1007 566 1069 649 τὴν
1092 564 1195 650 μέθο-

178 672 240 737 δον
267 671 331 737 ἀπὸ
361 683 429 738 τῶν
456 673 662 757 τιμιωτάτων
689 672 859 757 ἀρχόμεθα
887 683 1034 756 πρῶτον,
1067 672 1112 749 ὡς
1144 674 1198 738 δεῖ

150 776 374 861 οθεοσέβειαν
393 778 516 844 ἀσκεῖν.
553 781 634 863 αὕτη
655 775 693 844 δὲ
712 777 773 844 οὐκ
791 777 833 844 ἀν
852 778 1083 865 παραγένοιτο,
1102 780 1134 843 εί
1150 783 1194 864 μή

177 906 227 960 τις
249 884 473 968 ἀφομοιώσειε
495 892 540 972 τῷ
564 883 824 974 θεραπευομένῳ
847 887 885 951 τδ
908 891 1110 970 θεραπεῦον,
1133 885 1195 968 τὴν

178 985 216 1054 δὲ
230 989 408 1075 ὁμοιότητα
426 992 552 1074 ταύτην
571 991 632 1057 οὐκ
649 993 731 1075 ἀλλη
750 991 833 1075 τιςῆ
848 993 1033 1075 φιλοσοφία
1050 988 1194 1077 παρέχει.

177 1095 261 1161 ἀλλά
288 1098 355 1181 μὴν
381 1095 436 1162 καί
465 1097 646 1177 ἀψεύδειαν
675 1099 729 1162 δεί
753 1095 827 1182 περὶ
854 1102 981 1162 πολλοῦ
1008 1103 1193 1162 ποιεῖσθαι·
1207 1115 1283 1156 mx.

176 1202 213 1266 τὸ
236 1204 300 1287 γάρ
324 1202 505 1286 ἀληθεύειν
523 1202 579 1269 καὶ
596 1205 679 1288 πρὸς
697 1206 802 1280 θεοὺς
818 1203 901 1269 κατά
919 1205 981 1286 τὴν
999 1205 1099 1268 θείαν
1118 1203 1192 1286 ἀλή-

137 1325 163 1365 10
177 1312 276 1372 θειαυ
289 1305 345 1372 καὶ
363 1310 447 1393 πρὸς
466 1309 668 1394 ἀνθρώπους
686 1311 768 1374 αατά
786 1311 847 1392 τὴν
866 1308 1087 1393 ἀνθρωπίνην
1105 1308 1193 1392 ἡγεί

177 1435 231 1477 ται
253 1412 334 1498 ἡμῖν
356 1415 490 1481 πάντων
512 1426 580 1480 τῶν
597 1420 705 1481 θείων
723 1413 779 1481 καὶ
798 1415 1025 1500 ἀνθρωπίνων
1043 1414 1190 1498 ἀγαθῶν.
1207 1431 1281 1473 11⁵A.

174 1521 330 1603 τοιαύτης
349 1517 386 1586 δέ
401 1521 504 1606 οὔσης
521 1530 578 1605 τῆς
594 1521 764 1604 ἀληθείας,
787 1522 898 1605 μόνως
917 1521 973 1585 διά
991 1523 1193 1604 φιλοσοφίας

175 1625 257 1710 αὕτη
281 1630 531 1714 παραγίγνεται·
563 1630 661 1712 μόνοι
689 1628 752 1713 γὰρ
778 1624 1026 1710 φιλοθεάμονές
1049 1628 1113 1692 είσι
1135 1635 1193 1709 της

175 1731 335 1816 ἀληθείας
362 1734 398 1799 οί
422 1736 614 1818 φιλόσοφοι.
665 1735 713 1798 ἔτι
740 1735 859 1799 τοίνυν
890 1742 958 1798 τών
985 1734 1100 1816 νόμων
1131 1733 1192 1815 τὴν

135 1859 160 1898 15
176 1838 320 1923 δύναμιν
349 1838 488 1905 ἑαάστου
517 1838 716 1930 ἐπίστασθαι
743 1841 917 1926 προσήκει,
951 1836 1007 1902 καὶ
1037 1837 1081 1915 ὡς
1113 1862 1191 1923 χρη-

175 1943 272 2009 στέον
305 1944 419 2022 αὐτοῖς
450 1945 533 2011 έστι·
564 1955 668 2010 ταῦτα
701 1943 738 2012 δὲ
770 1947 831 2011 οὐκ
859 1949 966 2010 ἔνεστι
996 1950 1119 2029 μαθεῖν
1147 1946 1190 2028 μὴ

174 2049 235 2132 τὴν
263 2048 383 2133 ἀρετὴν
414 2052 557 2133 είδότας,
590 2051 672 2136 πρὸς
703 2051 746 2134 ἣν
778 2049 832 2116 καί
864 2052 926 2135 τὴν
960 2051 1104 2134 δύναμιν
1136 2048 1191 2114 καὶ

173 2154 235 2237 τὴν
257 2163 376 2241 χρῆσιν
398 2167 465 2221 τών
488 2157 602 2240 νόμων
631 2154 858 2242 ἀναφέρομεν·
887 2156 908 2240 ἡ
932 2153 969 2221 δὲ
992 2165 1051 2240 τῆς
1073 2155 1191 2241 ἀρετῆς
1269 2217 1283 2238 ρ

174 2259 381 2344 ἐπιτήδευσις
413 2262 469 2326 διά
502 2262 705 2345 φιλοσοφίας
736 2265 988 2358 παραγάγνεται·
1020 2263 1103 2326 ὥστε
1134 2259 1190 2327 καὶ

134 2388 159 2428 ιο
173 2370 256 2453 πρὸς
278 2369 402 2451 ταύτην
420 2367 553 2454 ἡγεμών
573 2367 642 2434 ἐστι
660 2372 855 2454 φιλοσοφία.
902 2370 950 2432 ἔτι
967 2370 1084 2433 τοίνυν
1107 2367 1190 2433 είδέ-

172 2499 229 2539 ναι
262 2476 315 2540 δεί
343 2485 412 2552 πῶς
444 2476 528 2562 πρὸς
559 2473 761 2561 ἀνθρώπους
792 2472 984 2559 δμιλητέον,
1021 2481 1119 2538 τοῦτο
1153 2469 1189 2538 δέ

173 2580 234 2645 οὐκ
256 2581 298 2646 ἀν
320 2603 371 2657 τις
394 2582 547 2664 διαγνοίη
576 2582 620 2665 μὴ
649 2582 709 2645 τὸν
738 2588 798 2646 τοῦ
820 2581 1046 2666 προσήκοντος
1069 2579 1189 2645 ἀπολο-

171 2687 292 2770 γισμὸν
323 2684 377 2750 ἐπὶ
409 2696 525 2750 πασῶν
556 2696 623 2749 τῶν
654 2684 806 2769 πράξεων
838 2683 1090 2769 έπεσκεμμένος,
1127 2687 1189 2768 τὴν

173 2791 268 2869 ἀξίαν
295 2813 330 2855 τε
357 2788 414 2855 καὶ
436 2790 578 2868 ἀπαξίαν
606 2792 703 2868 είδὼς
726 2789 864 2856 ἑκάστου
893 2801 961 2855 τῶν
986 2791 1189 2876 ἀνθρώπων,

132 2915 157 2956 ιι
171 2894 227 2961 καὶ
250 2897 437 2980 δυνάμενος
461 2898 645 2982 διακρίνειν
668 2899 708 2962 τά
730 2899 799 2983 ἤθη
818 2895 872 2963 καί
896 2899 953 2973 τάς
976 2897 1094 2981 φύσεις
1117 2895 1188 2962 ἕνά-

172 3020 260 3068 στων
277 3000 332 3068 καί
351 3005 409 3080 τάς
427 3011 485 3085 τῆς
502 3012 610 3087 ψυχῆς
632 3004 790 3092 δυνάμεις
807 3003 863 3070 καί
880 3007 959 3080 τοὺς
982 3005 1064 3068 κατά
1081 3003 1188 3068 πάντα

170 3119 273 3175 ταῦτα
300 3111 568 3194 συναρμόζοντας
595 3113 725 3194 λόγους.
776 3110 859 3176 ἀλλά
890 3111 957 3196 μὴν
988 3111 1117 3175 τούτων
1148 3133 1186 3192 γε
1201 3127 1241 3166 2¹1⁸
1249 3126 1278 3165 Κ-

171 3212 272 3281 οὐδέν
290 3213 391 3300 χωρὶς
409 3218 612 3299 φιλοσοφίας
629 3221 880 3303 παραγίγνεται·
895 3214 957 3303 ,καὶ
976 3216 1105 3281 τούτων
1125 3209 1187 3281 οὗν

171 3320 266 3386 ἕνεκα
289 3323 449 3405 χρήσιμος
472 3319 514 3386 ἀν
538 3327 597 3405 είη.
641 3325 673 3387 εί
695 3320 731 3388 δέ
754 3320 809 3388 καὶ
832 3326 910 3400 τοὺς
928 3321 1108 3406 θηριώδεις
1131 3320 1187 3385 ἀν-

260 3550 277 3596 4
295 3545 359 3600 fort.
378 3540 536 3616 ἀρχώμεθα
550 3550 559 3616 η
573 3552 606 3600 22
626 3542 817 3617 ἀπολογισμὸν
836 3551 872 3603 A:
893 3544 1099 3618 ἀπολογησμὸν.
