2674 3932
179 194 227 259 26-
593 194 782 249 IAMBLIOHI

179 354 233 421 καὶ
256 357 362 422 πολλά
383 356 540 440 πράττειν
563 365 648 422 νοῦν
677 358 720 441 μή
745 360 863 442 ἔχοντα
889 363 1015 442 μᾶλλον
1037 357 1057 442 ή
1082 359 1192 442 ὀλίγας

179 463 240 547 οὐχ
260 459 355 546 ὁμὲν
370 463 491 528 ἐλάττω
505 465 661 553 πράττων
680 463 802 529 ἐλάττω
821 463 1047 549 ἐξαμαρτάνει,
1071 457 1193 530 ἐλάττω

180 566 210 634 δ’
242 569 476 654 ἐξαμαρτάνων
503 564 605 652 ήττον
631 568 673 634 ἂν
699 579 807 646 κακῶς
838 570 990 655 πράττοι,
1023 564 1123 653 ήττον
1156 569 1193 637 δὲ

55 715 56 720 1
177 685 284 752 κακῶς
302 675 456 760 πράττων
475 675 594 751 άθλιος
617 673 659 739 άν
678 665 778 758 ήττον
797 681 861 759 εἴη,
886 687 1072 761 συγχωρεῖν
1093 676 1191 760 άναγ·

151 791 273 845 τκαίον
291 782 433 864 τούτοις,
454 779 508 845 καὶ
528 781 579 845 ὅτι
598 781 616 846 ὁ
636 777 697 865 μὲν
715 783 761 845 τά·
775 780 932 867 εἰρημένα
950 781 1062 865 ἀγαθά
1080 806 1192 866 κεκτη-
1265 854 1269 861 ,
1329 817 1330 830 ¹

177 884 381 970 μένοςάνευ
403 896 467 951 νοῦ
490 890 627 954 πλείονα
650 887 775 973 πράξει,
792 888 817 953 κὸ
840 885 877 954 δὲ
894 890 934 953 τά
952 889 1087 954 ἐναντία
1106 892 1191 973 ἔχων
1284 911 1287 917 ’
1329 905 1330 976 ᾖ

178 995 231 1073 [τά
267 995 364 1076 κακά]
381 1012 383 1017 ·
403 994 571 1060 ἐλάττονα.
627 993 664 1060 ἐν
695 997 864 1081 κεφαλαίῳ
902 996 966 1080 άρα
1002 997 1192 1062 κινδυνεύει
1329 983 1330 994 ¹

117 1099 122 1108 '
175 1099 283 1164 πάντα
316 1098 336 1163 ἃ
368 1101 405 1164 τὸ
438 1109 571 1184 πρῶτον
604 1103 731 1185 ἔφαμεν
768 1101 880 1184 ἀγαθὰ
913 1094 1014 1185 εἶναι,
1048 1101 1191 1188 οὐπερὶ

176 1206 298 1273 τούτου
331 1205 444 1282 αὐτοῖς
461 1205 493 1271 ’ὁ
527 1209 638 1289 λόγος’
658 1202 759 1290 εἶναι,
797 1207 885 1284 ὅπως
917 1208 1001 1274 αὐτά
1035 1231 1073 1290 γε
1109 1205 1187 1285 καθ’
1329 1279 1330 1294 ,

136 1334 162 1373 ιο
176 1312 259 1376 αὑτά
281 1310 429 1396 πέφυκεν
448 1311 560 1395 άγαθά
583 1306 679 1396 εἶναι,
704 1309 789 1396 ἀλλ’,
813 1314 858 1391 ὡς
881 1317 999 1397 ἔοικεν,
1023 1309 1272 1399 &mxu-⁷011.

175 1417 233 1483 ἐὰν
257 1413 317 1501 μὲν
341 1418 452 1500 αὐτῶν
475 1411 596 1502 ήγήται
619 1417 761 1503 άμαθία,
788 1422 885 1505 μείζω
908 1422 992 1486 κακά
1015 1415 1191 1486 εἶναιτῶν

113 1587 116 1590 .
175 1523 353 1606 ἐναντίων,
387 1524 454 1610 ὅσω
484 1525 696 1610 δυνατώτερα
727 1524 905 1610 ὑπηρετεῖν
935 1533 981 1613 τῷ
1015 1526 1190 1615 ἡγουμένω

173 1631 261 1718 κακῷ
286 1631 375 1695 ὄντι·
399 1629 458 1694 ἐάν
482 1627 519 1695 δὲ
543 1634 707 1716 φρόνησις
728 1629 785 1696 καὶ
807 1635 921 1715 σοφία,
944 1636 1042 1715 μείζω
1065 1632 1190 1716 ἀγαθά

174 1737 257 1801 αύτά
277 1733 313 1800 δὲ
331 1731 410 1802 καθ’
432 1737 515 1801 αὑτά
538 1735 697 1823 οὐδέτερα
711 1737 826 1802 αὐτῶν
845 1738 984 1816 οὐδενὸς
1001 1740 1076 1826 άξια
1095 1735 1188 1805 εἶναι.

134 1863 159 1904 ιτ
174 1845 259 1926 μόνη
284 1846 400 1908 τοίνυν
423 1843 444 1926 ή
468 1840 530 1927 μὲν
553 1847 657 1927 σοφία
681 1843 812 1927 ἀγαθόν
836 1844 937 1929 ἐστιν,
960 1845 993 1928 ή
1006 1842 1042 1910 δὲ
1061 1845 1189 1930 ἀμαθία

167 1951 284 2012 κακόν.
322 1947 436 2030 ἐπειδή
454 1941 573 2014 τοίνυν
594 1949 790 2033 εὐδαίμονες
808 1946 869 2033 μὲν
887 1944 974 2015 εἶναι
994 1955 1189 2036 προθυμού-
1203 1969 1267 2012 εοΑ.
1327 1979 1330 2046 γ

173 2059 262 2138 μεθα
284 2054 421 2136 πάντες,Ι
439 2053 610 2139 ἐφάνημεν
634 2053 671 2120 δὲ
694 2065 841 2121 τοιοῦτοι
858 2058 1051 2140 γιγνόμενοι
1074 2056 1110 2123 ἐκ
1127 2069 1189 2125 τοῦ
1253 2133 1256 2140 ,
1318 2040 1330 2066 ⁶

172 2161 322 2244 χρῆσθαί
340 2179 375 2224 τε
398 2170 468 2236 τοϊς
490 2161 659 2246 πράγμασι
681 2158 736 2226 καὶ
755 2162 868 2246 ὀρθῶς
885 2170 1042 2249 χρῆσθαι,
1066 2165 1127 2248 τήν
1150 2163 1188 2231 δὲ

175 2263 342 2350 ὀρθότητα
370 2264 425 2330 καὶ
453 2266 610 2352 εὐτυχίαν
639 2267 798 2353 ἐπιστήμη
827 2267 918 2334 ἐστὶν
944 2269 1187 2356 ήπαρέχουσα,
1268 2317 1271 2323 -

132 2393 159 2433 εο
174 2373 226 2436 δεῖ
253 2373 309 2454 δή,
342 2372 387 2448 ὡς
415 2375 536 2456 ἐοικεν,
570 2374 606 2440 ἐκ
633 2375 755 2451 παντὸς
787 2378 913 2460 τρόπον
940 2377 1047 2441 πάντα
1079 2377 1187 2462 ἄνδρα
1329 2373 1330 2384 ’

172 2479 495 2563 παρασκευάζεσθαι,
529 2479 617 2556 ὅπως
648 2481 693 2556 ὡς
726 2482 918 2564 σοφώτατος
945 2484 1048 2546 ἐσται·
1081 2486 1187 2566 μόνον
1251 2523 1253 2530 -

171 2585 234 2670 γάρ
257 2593 356 2650 τοῦτο
380 2595 448 2650 τῶν
471 2587 579 2650 ὄντων
598 2585 781 2671 εὐδαίμονα
803 2584 858 2652 καὶ
881 2588 1000 2672 εὐτυχῆ
1021 2599 1112 2653 ποιεί
1127 2591 1187 2654 τὸν

172 2677 363 2775 ἄνθρωπον.
410 2690 592 2773 ἀναγκαῖον
621 2685 683 2756 οὖν
707 2697 907 2776 φιλοσοφεῖν
934 2705 1003 2771 τοῖς
1026 2693 1186 2778 βουλομέ-

171 2818 244 2870 νοις
267 2790 305 2859 εὖ
327 2795 496 2880 πράττειν·
519 2796 539 2879 ή
561 2793 598 2861 δὲ
617 2801 803 2883 φιλοσοφία
822 2798 928 2885 ὄρεξίς
947 2800 1015 2866 ἐστι
1033 2799 1088 2865 καὶ
1111 2803 1186 2884 κτή-

132 2920 158 2961 25
173 2916 229 2976 σις
247 2899 439 2984 ἐπιστήμης,
469 2903 529 2987 οὐχ
556 2903 628 2986 ήτις
654 2905 787 2987 κτητική
816 2908 922 2988 μόνον
948 2888 1022 2972 ἐστί
1039 2917 1106 2971 τῶν
1129 2908 1185 2972 δο-

96 3051 99 3056 -
171 3007 322 3072 κούντων
345 3006 495 3091 ἀγαθῶν,
520 3007 691 3092 οὔθ’ήτις
709 3011 862 3094 ποιητική
882 3011 1002 3094 αὐτῶν,
1026 3013 1183 3097 χρηστική

172 3109 208 3178 δὲ
228 3113 277 3178 ού.
314 3115 468 3197 τοιαύτης
487 3109 552 3179 οὖν’
569 3115 623 3179 δεῖ
639 3113 828 3201 ἐπιστήμης,
852 3116 888 3183 ἐν
907 3109 928 3203 ᾗ
948 3117 1184 3202 συμπέπτωκεν

169 3373 197 3427 N
251 3312 345 3428 k2sqq.
367 3305 400 3359 cf.
415 3305 497 3375 Trag.
513 3306 607 3375 adesp.
621 3307 655 3364 fr.
666 3313 726 3378 259,
747 3309 776 3362 et
790 3301 858 3376 quos
873 3307 979 3376 ibidem
993 3310 1069 3364 locos
1085 3309 1184 3364 attulit

199 3391 250 3428 auc
273 3419 278 3430 .
588 3423 593 3430 .

262 3557 276 3604 ἵ
296 3547 330 3604 τὰ
349 3549 424 3604 κατὰ
444 3551 535 3606 delevi
549 3555 558 3622 ΙΙ
572 3558 605 3606 26
625 3548 708 3623 οὔθ’]
728 3553 793 3608 fort.
812 3549 887 3608 οὐδ’.
