<?xml version="1.0" encoding="UTF-8"?>
<!DOCTYPE html PUBLIC "-//W3C//DTD XHTML 1.0 Transitional//EN"
    "http://www.w3.org/TR/xhtml1/DTD/xhtml1-transitional.dtd">
<html xmlns="http://www.w3.org/1999/xhtml" xml:lang="en" lang="en">
 <head>
  <title>
</title>
<meta http-equiv="Content-Type" content="text/html;charset=utf-8" />
  <meta name='ocr-system' content='tesseract 3.04.00' />
  <meta name='ocr-capabilities' content='ocr_page ocr_carea ocr_par ocr_line ocrx_word'/>
</head>
<body>
  <div class='ocr_page' id='page_1' title='image "./iamblichiprotre02jambgoog_0133.png"; bbox 0 0 2670 3932; ppageno 0'>
   <div class='ocr_carea' id='block_1_1' title="bbox 170 132 795 252">
    <p class='ocr_par' dir='ltr' id='par_1_1' title="bbox 170 132 795 252">
     <span class='ocr_line' id='line_1_1' title="bbox 170 132 795 252; baseline -0.006 -12"><span class='ocrx_word' id='word_1_1' title='bbox 170 188 235 252; x_wconf 86' lang='lat'><em>114</em></span> <span class='ocrx_word' id='word_1_2' title='bbox 582 183 773 239; x_wconf 81' lang='lat' dir='ltr'>IAMssLlcffl</span> <span class='ocrx_word' id='word_1_3' title='bbox 791 132 795 142; x_wconf 32' lang='grc' dir='ltr'>Ι</span> 
     </span>
    </p>
   </div>
   <div class='ocr_carea' id='block_1_2' title="bbox 118 343 1329 3406">
    <p class='ocr_par' dir='ltr' id='par_1_2' title="bbox 169 343 1188 755">
     <span class='ocr_line' id='line_1_2' title="bbox 169 343 1186 433; baseline -0.003 -17"><span class='ocrx_word' id='word_1_4' title='bbox 169 343 255 417; x_wconf 77' lang='grc' dir='ltr'><em>εἶναι</em></span> <span class='ocrx_word' id='word_1_5' title='bbox 274 348 397 431; x_wconf 79' lang='grc' dir='ltr'><em>αὐτοῖς,</em></span> <span class='ocrx_word' id='word_1_6' title='bbox 419 347 733 433; x_wconf 80' lang='grc' dir='ltr'><em>ἐπισφραγιζόμενοι</em></span> <span class='ocrx_word' id='word_1_7' title='bbox 751 344 815 411; x_wconf 85' lang='grc' dir='ltr'><em>ἀπὸ</em></span> <span class='ocrx_word' id='word_1_8' title='bbox 834 355 901 411; x_wconf 83' lang='grc' dir='ltr'><em>τῶν</em></span> <span class='ocrx_word' id='word_1_9' title='bbox 920 346 1049 412; x_wconf 82' lang='grc' dir='ltr'><em>ἐκείνου</em></span> <span class='ocrx_word' id='word_1_10' title='bbox 1069 349 1186 432; x_wconf 79' lang='grc' dir='ltr'><em>ἔργων.</em></span> 
     </span>
     <span class='ocr_line' id='line_1_3' title="bbox 169 450 1187 541; baseline -0.005 -19"><span class='ocrx_word' id='word_1_11' title='bbox 169 457 222 522; x_wconf 86' lang='grc' dir='ltr'><em>ὅτε</em></span> <span class='ocrx_word' id='word_1_12' title='bbox 241 457 303 541; x_wconf 80' lang='grc' dir='ltr'><em>γάρ</em></span> <span class='ocrx_word' id='word_1_13' title='bbox 323 455 439 539; x_wconf 83' lang='grc' dir='ltr'><em>ὡμίλει</em></span> <span class='ocrx_word' id='word_1_14' title='bbox 456 451 527 519; x_wconf 90' lang='grc' dir='ltr'><em>κατ’</em></span> <span class='ocrx_word' id='word_1_15' title='bbox 546 451 759 538; x_wconf 76' lang='grc' dir='ltr'><strong><em>ἀνθρώπους,</em></strong></span> <span class='ocrx_word' id='word_1_16' title='bbox 777 451 935 530; x_wconf 77' lang='grc' dir='ltr'><em>πολλάκις</em></span> <span class='ocrx_word' id='word_1_17' title='bbox 954 452 991 518; x_wconf 78' lang='grc' dir='ltr'><em>ἐκ</em></span> <span class='ocrx_word' id='word_1_18' title='bbox 1008 450 1187 538; x_wconf 81' lang='grc' dir='ltr'><em>πυρόςκαὶ</em></span> 
     </span>
     <span class='ocr_line' id='line_1_4' title="bbox 169 557 1188 652; baseline -0.003 -24"><span class='ocrx_word' id='word_1_19' title='bbox 169 563 303 629; x_wconf 89' lang='grc' dir='ltr'><em>πάντων</em></span> <span class='ocrx_word' id='word_1_20' title='bbox 334 571 403 627; x_wconf 78' lang='grc' dir='ltr'><em>τῶν</em></span> <span class='ocrx_word' id='word_1_21' title='bbox 435 559 637 625; x_wconf 75' lang='grc' dir='ltr'><em>δεινοτάτων</em></span> <span class='ocrx_word' id='word_1_22' title='bbox 667 557 842 624; x_wconf 84' lang='grc' dir='ltr'><em>ἀπενόστει</em></span> <span class='ocrx_word' id='word_1_23' title='bbox 873 559 975 652; x_wconf 77' lang='grc' dir='ltr'><em>ὄκνον</em></span> <span class='ocrx_word' id='word_1_24' title='bbox 1008 560 1188 644; x_wconf 85' lang='grc' dir='ltr'><em>παραιτού-</em></span> 
     </span>
     <span class='ocr_line' id='line_1_5' title="bbox 170 663 1188 755; baseline -0.003 -20"><span class='ocrx_word' id='word_1_25' title='bbox 170 689 283 754; x_wconf 82' lang='grc' dir='ltr'><em>μενος·</em></span> <span class='ocrx_word' id='word_1_26' title='bbox 307 668 343 734; x_wconf 79' lang='grc' dir='ltr'><em>ἐκ</em></span> <span class='ocrx_word' id='word_1_27' title='bbox 366 669 429 755; x_wconf 85' lang='grc' dir='ltr'><em>γάρ</em></span> <span class='ocrx_word' id='word_1_28' title='bbox 450 675 511 732; x_wconf 83' lang='grc' dir='ltr'><em>τοῦ</em></span> <span class='ocrx_word' id='word_1_29' title='bbox 533 663 767 752; x_wconf 81' lang='grc' dir='ltr'><em>πράττεινκαὶ</em></span> <span class='ocrx_word' id='word_1_30' title='bbox 790 663 986 750; x_wconf 80' lang='grc' dir='ltr'><em>ἐργάζεσθαι</em></span> <span class='ocrx_word' id='word_1_31' title='bbox 1009 667 1048 730; x_wconf 90' lang='grc' dir='ltr'><em>τὸ</em></span> <span class='ocrx_word' id='word_1_32' title='bbox 1071 688 1188 752; x_wconf 93' lang='grc' dir='ltr'><em>κατορ-</em></span> 
     </span>
    </p>

    <p class='ocr_par' dir='ltr' id='par_1_3' title="bbox 144 766 1050 863">
     <span class='ocr_line' id='line_1_6' title="bbox 144 766 1050 863; baseline -0.003 -22"><span class='ocrx_word' id='word_1_33' title='bbox 144 781 259 841; x_wconf 67' lang='grc' dir='ltr'><em>υθοῦν</em></span> <span class='ocrx_word' id='word_1_34' title='bbox 283 775 533 863; x_wconf 78' lang='grc' dir='ltr'><em>παραγίγνεται,</em></span> <span class='ocrx_word' id='word_1_35' title='bbox 557 766 629 838; x_wconf 82' lang='grc' dir='ltr'><em>ἀλλ’</em></span> <span class='ocrx_word' id='word_1_36' title='bbox 656 771 717 837; x_wconf 86' lang='grc' dir='ltr'><em>οὐκ</em></span> <span class='ocrx_word' id='word_1_37' title='bbox 740 771 776 838; x_wconf 81' lang='grc' dir='ltr'><em>ἐκ</em></span> <span class='ocrx_word' id='word_1_38' title='bbox 797 779 859 838; x_wconf 89' lang='grc' dir='ltr'><em>τοῦ</em></span> <span class='ocrx_word' id='word_1_39' title='bbox 882 771 1050 838; x_wconf 74' lang='grc' dir='ltr'><em>ἀποκνεῖν.</em></span> 
     </span>
    </p>

    <p class='ocr_par' dir='ltr' id='par_1_4' title="bbox 118 876 1190 1285">
     <span class='ocr_line' id='line_1_7' title="bbox 118 876 1189 964; baseline -0.001 -21"><span class='ocrx_word' id='word_1_40' title='bbox 118 885 156 943; x_wconf 84' lang='grc' dir='ltr'><em>ια’</em></span> <span class='ocrx_word' id='word_1_41' title='bbox 262 883 308 946; x_wconf 90' lang='grc' dir='ltr'><em>Τὸ</em></span> <span class='ocrx_word' id='word_1_42' title='bbox 337 877 374 946; x_wconf 73' lang='grc' dir='ltr'><em>δὲ</em></span> <span class='ocrx_word' id='word_1_43' title='bbox 402 882 459 958; x_wconf 88' lang='grc' dir='ltr'><em>είς</em></span> <span class='ocrx_word' id='word_1_44' title='bbox 490 876 560 964; x_wconf 69' lang='grc' dir='ltr'><em>μὲν</em></span> <span class='ocrx_word' id='word_1_45' title='bbox 592 879 790 962; x_wconf 84' lang='grc' dir='ltr'><em>ὑπόδησιν</em></span> <span class='ocrx_word' id='word_1_46' title='bbox 821 879 892 943; x_wconf 85' lang='grc' dir='ltr'><em>τὸν</em></span> <span class='ocrx_word' id='word_1_47' title='bbox 925 879 1057 956; x_wconf 83' lang='grc' dir='ltr'><em>δεξιὸν</em></span> <span class='ocrx_word' id='word_1_48' title='bbox 1088 878 1189 943; x_wconf 90' lang='grc' dir='ltr'><em>πόδα</em></span> 
     </span>
     <span class='ocr_line' id='line_1_8' title="bbox 170 983 1190 1072; baseline -0.005 -19"><span class='ocrx_word' id='word_1_49' title='bbox 170 987 330 1072; x_wconf 78' lang='grc' dir='ltr'><em>πάρεχε,</em></span> <span class='ocrx_word' id='word_1_50' title='bbox 358 987 414 1063; x_wconf 89' lang='grc' dir='ltr'><em>είς</em></span> <span class='ocrx_word' id='word_1_51' title='bbox 443 983 484 1052; x_wconf 69' lang='grc' dir='ltr'><em>δὲ</em></span> <span class='ocrx_word' id='word_1_52' title='bbox 511 986 783 1071; x_wconf 74' lang='grc' dir='ltr'><em>ποδόνιπτρον</em></span> <span class='ocrx_word' id='word_1_53' title='bbox 810 985 878 1050; x_wconf 89' lang='grc' dir='ltr'><em>τὸν</em></span> <span class='ocrx_word' id='word_1_54' title='bbox 907 983 1114 1068; x_wconf 85' lang='grc' dir='ltr'><em>εὐώνυμον</em></span> <span class='ocrx_word' id='word_1_55' title='bbox 1144 986 1190 1061; x_wconf 86' lang='grc' dir='ltr'><em>είς</em></span> 
     </span>
     <span class='ocr_line' id='line_1_9' title="bbox 171 1086 1190 1179; baseline -0.004 -21"><span class='ocrx_word' id='word_1_56' title='bbox 171 1095 232 1177; x_wconf 81' lang='grc' dir='ltr'><em>τὴν</em></span> <span class='ocrx_word' id='word_1_57' title='bbox 265 1093 446 1177; x_wconf 79' lang='grc' dir='ltr'><em>πρακτικὴν</em></span> <span class='ocrx_word' id='word_1_58' title='bbox 478 1095 646 1179; x_wconf 81' lang='grc' dir='ltr'><em>φρόνησιν</em></span> <span class='ocrx_word' id='word_1_59' title='bbox 679 1096 875 1176; x_wconf 82' lang='grc' dir='ltr'><em>παρακαλεί,</em></span> <span class='ocrx_word' id='word_1_60' title='bbox 907 1091 965 1168; x_wconf 85' lang='grc' dir='ltr'><em>τὰς</em></span> <span class='ocrx_word' id='word_1_61' title='bbox 999 1086 1060 1176; x_wconf 70' lang='grc' dir='ltr'><em>μὲν</em></span> <span class='ocrx_word' id='word_1_62' title='bbox 1088 1106 1190 1155; x_wconf 86' lang='grc' dir='ltr'><em>σπου-</em></span> 
     </span>
     <span class='ocr_line' id='line_1_10' title="bbox 174 1195 1190 1285; baseline -0.003 -21"><span class='ocrx_word' id='word_1_63' title='bbox 174 1200 269 1276; x_wconf 91' lang='grc' dir='ltr'><em>δαίας</em></span> <span class='ocrx_word' id='word_1_64' title='bbox 292 1198 424 1285; x_wconf 84' lang='grc' dir='ltr'><em>πράξεις</em></span> <span class='ocrx_word' id='word_1_65' title='bbox 442 1197 489 1274; x_wconf 82' lang='grc' dir='ltr'><em>ὡς</em></span> <span class='ocrx_word' id='word_1_66' title='bbox 506 1196 615 1276; x_wconf 82' lang='grc' dir='ltr'><em>δεξιὰς</em></span> <span class='ocrx_word' id='word_1_67' title='bbox 631 1198 867 1283; x_wconf 75' lang='grc' dir='ltr'><em>περιτίθεσθαι</em></span> <span class='ocrx_word' id='word_1_68' title='bbox 888 1195 1120 1282; x_wconf 80' lang='grc' dir='ltr'><em>παραγγέλλον</em></span> <span class='ocrx_word' id='word_1_69' title='bbox 1139 1196 1190 1278; x_wconf 87' lang='grc' dir='ltr'><em>[τὸ</em></span> 
     </span>
    </p>

    <p class='ocr_par' dir='ltr' id='par_1_5' title="bbox 133 1300 1192 1496">
     <span class='ocr_line' id='line_1_11' title="bbox 133 1300 1192 1390; baseline -0.006 -19"><span class='ocrx_word' id='word_1_70' title='bbox 133 1323 159 1362; x_wconf 82' lang='lat'><em>10</em></span> <span class='ocrx_word' id='word_1_71' title='bbox 173 1305 374 1390; x_wconf 85' lang='grc' dir='ltr'><em>σόμβολον],</em></span> <span class='ocrx_word' id='word_1_72' title='bbox 401 1305 460 1380; x_wconf 77' lang='grc' dir='ltr'><em>τὰς</em></span> <span class='ocrx_word' id='word_1_73' title='bbox 489 1300 526 1369; x_wconf 72' lang='grc' dir='ltr'><em>δὲ</em></span> <span class='ocrx_word' id='word_1_74' title='bbox 550 1303 680 1388; x_wconf 79' lang='grc' dir='ltr'><em>φαύλας</em></span> <span class='ocrx_word' id='word_1_75' title='bbox 703 1302 748 1380; x_wconf 80' lang='grc' dir='ltr'><em>ὡς</em></span> <span class='ocrx_word' id='word_1_76' title='bbox 771 1302 944 1388; x_wconf 83' lang='grc' dir='ltr'><em>ἀριστερὰς</em></span> <span class='ocrx_word' id='word_1_77' title='bbox 968 1301 1192 1368; x_wconf 84' lang='grc' dir='ltr'><em>ἀποτίθεσθαι</em></span> 
     </span>
     <span class='ocr_line' id='line_1_12' title="bbox 173 1408 746 1496; baseline -0.003 -20"><span class='ocrx_word' id='word_1_78' title='bbox 173 1411 361 1476; x_wconf 88' lang='grc' dir='ltr'><em>παντάπασι</em></span> <span class='ocrx_word' id='word_1_79' title='bbox 384 1408 440 1476; x_wconf 82' lang='grc' dir='ltr'><em>καί</em></span> <span class='ocrx_word' id='word_1_80' title='bbox 463 1409 746 1496; x_wconf 85' lang='grc' dir='ltr'><em>άπορρόπτεσθαι.</em></span> 
     </span>
    </p>

    <p class='ocr_par' dir='ltr' id='par_1_6' title="bbox 119 1514 1287 1817">
     <span class='ocr_line' id='line_1_13' title="bbox 119 1514 1191 1602; baseline -0.001 -23"><span class='ocrx_word' id='word_1_81' title='bbox 119 1521 156 1598; x_wconf 84' lang='grc' dir='ltr'><em>ιβ’</em></span> <span class='ocrx_word' id='word_1_82' title='bbox 262 1517 419 1582; x_wconf 81' lang='grc' dir='ltr'><em>Μάλιστα</em></span> <span class='ocrx_word' id='word_1_83' title='bbox 443 1514 481 1582; x_wconf 75' lang='grc' dir='ltr'><em>δὲ</em></span> <span class='ocrx_word' id='word_1_84' title='bbox 503 1517 541 1581; x_wconf 88' lang='grc' dir='ltr'><em>τὸ</em></span> <span class='ocrx_word' id='word_1_85' title='bbox 565 1514 653 1602; x_wconf 83' lang='grc' dir='ltr'><em>περὶ</em></span> <span class='ocrx_word' id='word_1_86' title='bbox 678 1518 972 1602; x_wconf 79' lang='grc' dir='ltr'><em>Πυθαγορείων</em></span> <span class='ocrx_word' id='word_1_87' title='bbox 995 1517 1090 1582; x_wconf 81' lang='grc' dir='ltr'><em>άνευ</em></span> <span class='ocrx_word' id='word_1_88' title='bbox 1113 1537 1191 1598; x_wconf 93' lang='grc' dir='ltr'><em>φω-</em></span> 
     </span>
     <span class='ocr_line' id='line_1_14' title="bbox 173 1620 1287 1712; baseline -0.004 -22"><span class='ocrx_word' id='word_1_89' title='bbox 173 1626 238 1701; x_wconf 86' lang='grc' dir='ltr'><em>τὸς</em></span> <span class='ocrx_word' id='word_1_90' title='bbox 260 1624 310 1709; x_wconf 82' lang='grc' dir='ltr'><em>μη</em></span> <span class='ocrx_word' id='word_1_91' title='bbox 334 1624 445 1692; x_wconf 88' lang='grc' dir='ltr'><em>λάλει</em></span> <span class='ocrx_word' id='word_1_92' title='bbox 468 1625 714 1710; x_wconf 90' lang='grc' dir='ltr'><em>παρακλητικόν</em></span> <span class='ocrx_word' id='word_1_93' title='bbox 737 1620 828 1688; x_wconf 82' lang='grc' dir='ltr'><em>ἐστιν</em></span> <span class='ocrx_word' id='word_1_94' title='bbox 853 1624 901 1701; x_wconf 88' lang='grc' dir='ltr'><em>είς</em></span> <span class='ocrx_word' id='word_1_95' title='bbox 923 1624 982 1690; x_wconf 87' lang='grc' dir='ltr'><em>τὸν</em></span> <span class='ocrx_word' id='word_1_96' title='bbox 1005 1621 1088 1688; x_wconf 85' lang='grc' dir='ltr'><em>κατὰ</em></span> <span class='ocrx_word' id='word_1_97' title='bbox 1109 1621 1191 1712; x_wconf 88' lang='grc' dir='ltr'><em>φρό·</em></span> <span class='ocrx_word' id='word_1_98' title='bbox 1206 1638 1287 1682; x_wconf 68' lang='grc' dir='ltr'><em>34οω</em></span> 
     </span>
     <span class='ocr_line' id='line_1_15' title="bbox 175 1724 1193 1817; baseline -0.004 -22"><span class='ocrx_word' id='word_1_99' title='bbox 175 1745 275 1814; x_wconf 92' lang='grc' dir='ltr'><em>νησιν</em></span> <span class='ocrx_word' id='word_1_100' title='bbox 297 1737 392 1796; x_wconf 86' lang='grc' dir='ltr'><em>νοῦν.</em></span> <span class='ocrx_word' id='word_1_101' title='bbox 439 1725 537 1806; x_wconf 86' lang='grc' dir='ltr'><em>οὗτος</em></span> <span class='ocrx_word' id='word_1_102' title='bbox 558 1730 623 1814; x_wconf 88' lang='grc' dir='ltr'><em>γδιρ</em></span> <span class='ocrx_word' id='word_1_103' title='bbox 645 1736 691 1817; x_wconf 76' lang='grc' dir='ltr'><em>τῷ</em></span> <span class='ocrx_word' id='word_1_104' title='bbox 715 1725 802 1814; x_wconf 80' lang='grc' dir='ltr'><em>φωτὶ</em></span> <span class='ocrx_word' id='word_1_105' title='bbox 825 1728 909 1793; x_wconf 83' lang='grc' dir='ltr'><em>ἔοικε</em></span> <span class='ocrx_word' id='word_1_106' title='bbox 928 1737 986 1813; x_wconf 78' lang='grc' dir='ltr'><em>τῆς</em></span> <span class='ocrx_word' id='word_1_107' title='bbox 1008 1736 1116 1812; x_wconf 77' lang='grc' dir='ltr'><em>ψυχῆς</em></span> <span class='ocrx_word' id='word_1_108' title='bbox 1138 1724 1193 1792; x_wconf 81' lang='grc' dir='ltr'><em>καὶ</em></span> 
     </span>
    </p>

    <p class='ocr_par' dir='ltr' id='par_1_7' title="bbox 136 1831 1329 2346">
     <span class='ocr_line' id='line_1_16' title="bbox 136 1831 1194 1921; baseline -0.004 -20"><span class='ocrx_word' id='word_1_109' title='bbox 136 1853 161 1894; x_wconf 70' lang='grc' dir='ltr'><em>ιι</em></span> <span class='ocrx_word' id='word_1_110' title='bbox 176 1835 333 1921; x_wconf 84' lang='grc' dir='ltr'><em>ἀόριστον</em></span> <span class='ocrx_word' id='word_1_111' title='bbox 362 1831 467 1900; x_wconf 87' lang='grc' dir='ltr'><em>οὖσαν</em></span> <span class='ocrx_word' id='word_1_112' title='bbox 496 1835 601 1918; x_wconf 82' lang='grc' dir='ltr'><em>αὐτην</em></span> <span class='ocrx_word' id='word_1_113' title='bbox 629 1834 745 1920; x_wconf 83' lang='grc' dir='ltr'><em>ὁρίζει,</em></span> <span class='ocrx_word' id='word_1_114' title='bbox 777 1835 926 1919; x_wconf 86' lang='grc' dir='ltr'><em>περιάγει</em></span> <span class='ocrx_word' id='word_1_115' title='bbox 957 1858 992 1899; x_wconf 90' lang='grc' dir='ltr'><em>τε</em></span> <span class='ocrx_word' id='word_1_116' title='bbox 1020 1835 1130 1919; x_wconf 83' lang='grc' dir='ltr'><em>ὥσπερ</em></span> <span class='ocrx_word' id='word_1_117' title='bbox 1158 1831 1194 1897; x_wconf 82' lang='grc' dir='ltr'><em>ἐκ</em></span> 
     </span>
     <span class='ocr_line' id='line_1_17' title="bbox 176 1935 1286 2026; baseline -0.005 -20"><span class='ocrx_word' id='word_1_118' title='bbox 176 1944 297 2007; x_wconf 91' lang='grc' dir='ltr'><em>σκότου</em></span> <span class='ocrx_word' id='word_1_119' title='bbox 320 1942 367 2018; x_wconf 87' lang='grc' dir='ltr'><em>είς</em></span> <span class='ocrx_word' id='word_1_120' title='bbox 390 1951 470 2026; x_wconf 80' lang='grc' dir='ltr'><em>φῶς.</em></span> <span class='ocrx_word' id='word_1_121' title='bbox 511 1938 587 2025; x_wconf 81' lang='grc' dir='ltr'><em>περί</em></span> <span class='ocrx_word' id='word_1_122' title='bbox 610 1941 745 2006; x_wconf 91' lang='grc' dir='ltr'><em>πάντων</em></span> <span class='ocrx_word' id='word_1_123' title='bbox 768 1935 830 2024; x_wconf 76' lang='grc' dir='ltr'><em>μὲν</em></span> <span class='ocrx_word' id='word_1_124' title='bbox 849 1935 911 2006; x_wconf 82' lang='grc' dir='ltr'><em>οὖν</em></span> <span class='ocrx_word' id='word_1_125' title='bbox 928 1949 996 2005; x_wconf 81' lang='grc' dir='ltr'><em>τῶν</em></span> <span class='ocrx_word' id='word_1_126' title='bbox 1015 1938 1052 2006; x_wconf 79' lang='grc' dir='ltr'><em>ἐν</em></span> <span class='ocrx_word' id='word_1_127' title='bbox 1070 1948 1110 2024; x_wconf 70' lang='grc' dir='ltr'><em>τῇ</em></span> <span class='ocrx_word' id='word_1_128' title='bbox 1129 1942 1193 2024; x_wconf 73' lang='grc' dir='ltr'><em>ζωῇ</em></span> <span class='ocrx_word' id='word_1_129' title='bbox 1208 1957 1286 2000; x_wconf 66' lang='grc' dir='ltr'><em>τινα.</em></span> 
     </span>
     <span class='ocr_line' id='line_1_18' title="bbox 175 2045 1329 2133; baseline 0 -21"><span class='ocrx_word' id='word_1_130' title='bbox 175 2052 287 2113; x_wconf 85' lang='grc' dir='ltr'><em>καλῶν</em></span> <span class='ocrx_word' id='word_1_131' title='bbox 314 2045 461 2132; x_wconf 82' lang='grc' dir='ltr'><em>ἡγεμόνα</em></span> <span class='ocrx_word' id='word_1_132' title='bbox 489 2054 574 2111; x_wconf 86' lang='grc' dir='ltr'><em>νοῦν</em></span> <span class='ocrx_word' id='word_1_133' title='bbox 601 2048 827 2133; x_wconf 87' lang='grc' dir='ltr'><em>προίστασθαι</em></span> <span class='ocrx_word' id='word_1_134' title='bbox 853 2049 1027 2132; x_wconf 79' lang='grc' dir='ltr'><em>προσήκει,</em></span> <span class='ocrx_word' id='word_1_135' title='bbox 1054 2046 1194 2131; x_wconf 87' lang='grc' dir='ltr'><em>μάλιστα</em></span> <span class='ocrx_word' id='word_1_136' title='bbox 1328 2053 1329 2112; x_wconf 73' lang='grc' dir='ltr'><em>λ</em></span> 
     </span>
     <span class='ocr_line' id='line_1_19' title="bbox 176 2127 1329 2239; baseline -0.002 -21"><span class='ocrx_word' id='word_1_137' title='bbox 176 2150 237 2239; x_wconf 73' lang='grc' dir='ltr'><em>μὲν</em></span> <span class='ocrx_word' id='word_1_138' title='bbox 262 2147 324 2218; x_wconf 86' lang='grc' dir='ltr'><em>οὖν</em></span> <span class='ocrx_word' id='word_1_139' title='bbox 342 2149 503 2237; x_wconf 79' lang='grc' dir='ltr'><em>περὶτῶν</em></span> <span class='ocrx_word' id='word_1_140' title='bbox 523 2155 772 2238; x_wconf 82' lang='grc' dir='ltr'><em>Πυθαγορείων</em></span> <span class='ocrx_word' id='word_1_141' title='bbox 795 2151 983 2236; x_wconf 87' lang='grc' dir='ltr'><em>δογμάτων·</em></span> <span class='ocrx_word' id='word_1_142' title='bbox 1006 2160 1109 2217; x_wconf 80' lang='grc' dir='ltr'><em>ταῦτα</em></span> <span class='ocrx_word' id='word_1_143' title='bbox 1131 2152 1194 2236; x_wconf 82' lang='grc' dir='ltr'><em>γὰρ</em></span> <span class='ocrx_word' id='word_1_144' title='bbox 1328 2127 1329 2192; x_wconf 55' lang='grc' dir='ltr'><em>ί</em></span> 
     </span>
     <span class='ocr_line' id='line_1_20' title="bbox 177 2249 886 2346; baseline -0.001 -22"><span class='ocrx_word' id='word_1_145' title='bbox 177 2260 259 2325; x_wconf 84' lang='grc' dir='ltr'><em>άνευ</em></span> <span class='ocrx_word' id='word_1_146' title='bbox 283 2260 394 2342; x_wconf 88' lang='grc' dir='ltr'><em>φωτὸς</em></span> <span class='ocrx_word' id='word_1_147' title='bbox 417 2258 478 2343; x_wconf 83' lang='grc' dir='ltr'><em>οὐχ</em></span> <span class='ocrx_word' id='word_1_148' title='bbox 502 2249 576 2346; x_wconf 81' lang='grc' dir='ltr'><em>οἷόν</em></span> <span class='ocrx_word' id='word_1_149' title='bbox 599 2257 637 2324; x_wconf 81' lang='grc' dir='ltr'><em>τέ</em></span> <span class='ocrx_word' id='word_1_150' title='bbox 657 2258 726 2326; x_wconf 82' lang='grc' dir='ltr'><em>ἐστι</em></span> <span class='ocrx_word' id='word_1_151' title='bbox 749 2271 886 2343; x_wconf 84' lang='grc' dir='ltr'><em>γνῶναι.</em></span> 
     </span>
    </p>

    <p class='ocr_par' dir='ltr' id='par_1_8' title="bbox 125 2361 1195 2451">
     <span class='ocr_line' id='line_1_21' title="bbox 125 2361 1195 2451; baseline 0.002 -25"><span class='ocrx_word' id='word_1_152' title='bbox 125 2371 160 2442; x_wconf 84' lang='grc' dir='ltr'><em>ιγ’</em></span> <span class='ocrx_word' id='word_1_153' title='bbox 271 2366 316 2430; x_wconf 91' lang='grc' dir='ltr'><em>Τὸ</em></span> <span class='ocrx_word' id='word_1_154' title='bbox 349 2361 387 2430; x_wconf 72' lang='grc' dir='ltr'><em>δὲ</em></span> <span class='ocrx_word' id='word_1_155' title='bbox 420 2366 537 2448; x_wconf 78' lang='grc' dir='ltr'><em>ζυγὸν</em></span> <span class='ocrx_word' id='word_1_156' title='bbox 570 2365 619 2450; x_wconf 79' lang='grc' dir='ltr'><em>μὴ</em></span> <span class='ocrx_word' id='word_1_157' title='bbox 651 2365 911 2451; x_wconf 84' lang='grc' dir='ltr'><em>ὑπερβαίνειν</em></span> <span class='ocrx_word' id='word_1_158' title='bbox 946 2364 1195 2449; x_wconf 79' lang='grc' dir='ltr'><em>δικαιοπραγεῖν</em></span> 
     </span>
    </p>

    <p class='ocr_par' dir='ltr' id='par_1_9' title="bbox 139 2469 1197 2877">
     <span class='ocr_line' id='line_1_22' title="bbox 139 2469 1196 2558; baseline -0.004 -20"><span class='ocrx_word' id='word_1_159' title='bbox 139 2492 164 2531; x_wconf 73' lang='lat'><em>21</em></span> <span class='ocrx_word' id='word_1_160' title='bbox 179 2473 436 2558; x_wconf 84' lang='grc' dir='ltr'><em>παρακελεύεται</em></span> <span class='ocrx_word' id='word_1_161' title='bbox 468 2469 524 2537; x_wconf 83' lang='grc' dir='ltr'><em>καὶ</em></span> <span class='ocrx_word' id='word_1_162' title='bbox 555 2481 720 2558; x_wconf 84' lang='grc' dir='ltr'><em>προτιμᾶν</em></span> <span class='ocrx_word' id='word_1_163' title='bbox 753 2474 888 2555; x_wconf 89' lang='grc' dir='ltr'><em>ίσότητα</em></span> <span class='ocrx_word' id='word_1_164' title='bbox 919 2469 974 2537; x_wconf 86' lang='grc' dir='ltr'><em>καὶ</em></span> <span class='ocrx_word' id='word_1_165' title='bbox 1002 2472 1196 2556; x_wconf 90' lang='grc' dir='ltr'><em>μετριότητα</em></span> 
     </span>
     <span class='ocr_line' id='line_1_23' title="bbox 180 2575 1197 2663; baseline -0.003 -19"><span class='ocrx_word' id='word_1_166' title='bbox 180 2586 382 2662; x_wconf 80' lang='grc' dir='ltr'><em>θαυμαστῶς</em></span> <span class='ocrx_word' id='word_1_167' title='bbox 400 2575 455 2644; x_wconf 79' lang='grc' dir='ltr'><em>καὶ</em></span> <span class='ocrx_word' id='word_1_168' title='bbox 474 2579 535 2662; x_wconf 79' lang='grc' dir='ltr'><em>τὴν</em></span> <span class='ocrx_word' id='word_1_169' title='bbox 557 2577 766 2661; x_wconf 84' lang='grc' dir='ltr'><em>τελειοτάτην</em></span> <span class='ocrx_word' id='word_1_170' title='bbox 790 2577 910 2663; x_wconf 81' lang='grc' dir='ltr'><em>ἀρετὴν</em></span> <span class='ocrx_word' id='word_1_171' title='bbox 930 2579 1129 2661; x_wconf 83' lang='grc' dir='ltr'><em>γιγνώσκειν</em></span> <span class='ocrx_word' id='word_1_172' title='bbox 1148 2577 1197 2641; x_wconf 92' lang='grc' dir='ltr'><em>δι-</em></span> 
     </span>
     <span class='ocr_line' id='line_1_24' title="bbox 179 2679 1196 2769; baseline -0.003 -18"><span class='ocrx_word' id='word_1_173' title='bbox 179 2687 379 2769; x_wconf 85' lang='grc' dir='ltr'><em>καιοσύνην,</em></span> <span class='ocrx_word' id='word_1_174' title='bbox 410 2679 450 2767; x_wconf 75' lang='grc' dir='ltr'><em>ἧς</em></span> <span class='ocrx_word' id='word_1_175' title='bbox 478 2682 747 2769; x_wconf 86' lang='grc' dir='ltr'><em>συμπληρωτικαὶ</em></span> <span class='ocrx_word' id='word_1_176' title='bbox 776 2684 813 2748; x_wconf 80' lang='grc' dir='ltr'><em>αἱ</em></span> <span class='ocrx_word' id='word_1_177' title='bbox 833 2681 945 2749; x_wconf 83' lang='grc' dir='ltr'><em>λοιπαί</em></span> <span class='ocrx_word' id='word_1_178' title='bbox 972 2682 1028 2749; x_wconf 79' lang='grc' dir='ltr'><em>καὶ</em></span> <span class='ocrx_word' id='word_1_179' title='bbox 1050 2679 1089 2767; x_wconf 77' lang='grc' dir='ltr'><em>ἧς</em></span> <span class='ocrx_word' id='word_1_180' title='bbox 1113 2683 1196 2748; x_wconf 85' lang='grc' dir='ltr'><em>άνευ</em></span> 
     </span>
     <span class='ocr_line' id='line_1_25' title="bbox 180 2785 1197 2877; baseline -0.002 -22"><span class='ocrx_word' id='word_1_181' title='bbox 180 2803 247 2856; x_wconf 81' lang='grc' dir='ltr'><em>τῶν</em></span> <span class='ocrx_word' id='word_1_182' title='bbox 261 2791 372 2855; x_wconf 76' lang='grc' dir='ltr'><em>ἄλλων</em></span> <span class='ocrx_word' id='word_1_183' title='bbox 388 2785 489 2855; x_wconf 77' lang='grc' dir='ltr'><em>οὐδὲν</em></span> <span class='ocrx_word' id='word_1_184' title='bbox 502 2791 634 2874; x_wconf 86' lang='grc' dir='ltr'><em>όφελος·</em></span> <span class='ocrx_word' id='word_1_185' title='bbox 648 2787 705 2854; x_wconf 82' lang='grc' dir='ltr'><em>καί</em></span> <span class='ocrx_word' id='word_1_186' title='bbox 721 2789 762 2854; x_wconf 85' lang='grc' dir='ltr'><em>οὐ</em></span> <span class='ocrx_word' id='word_1_187' title='bbox 775 2788 947 2877; x_wconf 85' lang='grc' dir='ltr'><em>παρέργως</em></span> <span class='ocrx_word' id='word_1_188' title='bbox 957 2790 1062 2873; x_wconf 73' lang='grc' dir='ltr'><em>αὐτὴν</em></span> <span class='ocrx_word' id='word_1_189' title='bbox 1073 2787 1197 2854; x_wconf 83' lang='grc' dir='ltr'><em>είδέναι</em></span> 
     </span>
    </p>

    <p class='ocr_par' dir='ltr' id='par_1_10' title="bbox 141 2895 1198 3301">
     <span class='ocr_line' id='line_1_26' title="bbox 141 2895 1198 2981; baseline 0.004 -25"><span class='ocrx_word' id='word_1_190' title='bbox 141 2915 166 2956; x_wconf 82' lang='grc' dir='ltr'><em>ει</em></span> <span class='ocrx_word' id='word_1_191' title='bbox 181 2898 254 2981; x_wconf 74' lang='grc' dir='ltr'><em>χρή,</em></span> <span class='ocrx_word' id='word_1_192' title='bbox 277 2895 360 2965; x_wconf 81' lang='grc' dir='ltr'><em>ἀλλὰ</em></span> <span class='ocrx_word' id='word_1_193' title='bbox 384 2897 439 2961; x_wconf 82' lang='grc' dir='ltr'><em>διὰ</em></span> <span class='ocrx_word' id='word_1_194' title='bbox 461 2895 690 2981; x_wconf 81' lang='grc' dir='ltr'><em>θεωρημάτων</em></span> <span class='ocrx_word' id='word_1_195' title='bbox 712 2895 768 2962; x_wconf 80' lang='grc' dir='ltr'><em>καὶ</em></span> <span class='ocrx_word' id='word_1_196' title='bbox 791 2896 1045 2980; x_wconf 77' lang='grc' dir='ltr'><em>ἐπιστημονικης</em></span> <span class='ocrx_word' id='word_1_197' title='bbox 1065 2896 1198 2961; x_wconf 78' lang='grc' dir='ltr'><em>ἀποδεί-</em></span> 
     </span>
     <span class='ocr_line' id='line_1_27' title="bbox 181 2999 1197 3088; baseline -0.002 -20"><span class='ocrx_word' id='word_1_198' title='bbox 181 3002 270 3082; x_wconf 83' lang='grc' dir='ltr'><em>ξεως.</em></span> <span class='ocrx_word' id='word_1_199' title='bbox 297 3010 396 3068; x_wconf 85' lang='grc' dir='ltr'><em>τοῦτο</em></span> <span class='ocrx_word' id='word_1_200' title='bbox 412 3002 448 3068; x_wconf 76' lang='grc' dir='ltr'><em>δὲ</em></span> <span class='ocrx_word' id='word_1_201' title='bbox 464 3001 621 3087; x_wconf 84' lang='grc' dir='ltr'><em>οὐδεμιᾶς</em></span> <span class='ocrx_word' id='word_1_202' title='bbox 635 3003 736 3087; x_wconf 86' lang='grc' dir='ltr'><em>άλλης</em></span> <span class='ocrx_word' id='word_1_203' title='bbox 750 3006 849 3088; x_wconf 82' lang='grc' dir='ltr'><em>ἔργον</em></span> <span class='ocrx_word' id='word_1_204' title='bbox 864 3001 933 3068; x_wconf 80' lang='grc' dir='ltr'><em>ἐστί</em></span> <span class='ocrx_word' id='word_1_205' title='bbox 945 3000 1063 3087; x_wconf 84' lang='grc' dir='ltr'><em>τέχνης</em></span> <span class='ocrx_word' id='word_1_206' title='bbox 1073 2999 1197 3067; x_wconf 79' lang='grc' dir='ltr'><em>εἰδέναι</em></span> 
     </span>
     <span class='ocr_line' id='line_1_28' title="bbox 181 3107 1197 3193; baseline -0.002 -19"><span class='ocrx_word' id='word_1_207' title='bbox 181 3107 236 3174; x_wconf 83' lang='grc' dir='ltr'><em>καὶ</em></span> <span class='ocrx_word' id='word_1_208' title='bbox 255 3108 434 3193; x_wconf 78' lang='grc' dir='ltr'><em>ἐπιστήμης</em></span> <span class='ocrx_word' id='word_1_209' title='bbox 457 3110 544 3193; x_wconf 80' lang='grc' dir='ltr'><em>πλὴν</em></span> <span class='ocrx_word' id='word_1_210' title='bbox 563 3111 666 3193; x_wconf 90' lang='grc' dir='ltr'><em>μόνης</em></span> <span class='ocrx_word' id='word_1_211' title='bbox 685 3111 887 3193; x_wconf 85' lang='grc' dir='ltr'><em>φιλοσοφίας</em></span> <span class='ocrx_word' id='word_1_212' title='bbox 907 3118 964 3191; x_wconf 78' lang='grc' dir='ltr'><em>της</em></span> <span class='ocrx_word' id='word_1_213' title='bbox 982 3111 1064 3174; x_wconf 80' lang='grc' dir='ltr'><em>κατὰ</em></span> <span class='ocrx_word' id='word_1_214' title='bbox 1076 3114 1197 3172; x_wconf 55' lang='grc' dir='ltr'><em>’Πυθα-</em></span> 
     </span>
     <span class='ocr_line' id='line_1_29' title="bbox 181 3215 1197 3301; baseline -0.002 -21"><span class='ocrx_word' id='word_1_215' title='bbox 181 3219 297 3301; x_wconf 90' lang='grc' dir='ltr'><em>γόραν,</em></span> <span class='ocrx_word' id='word_1_216' title='bbox 317 3217 387 3299; x_wconf 81' lang='grc' dir='ltr'><em>ἥτις</em></span> <span class='ocrx_word' id='word_1_217' title='bbox 401 3215 574 3301; x_wconf 81' lang='grc' dir='ltr'><em>ἐξαιρέτως</em></span> <span class='ocrx_word' id='word_1_218' title='bbox 586 3225 653 3281; x_wconf 82' lang='grc' dir='ltr'><em>τῶν</em></span> <span class='ocrx_word' id='word_1_219' title='bbox 667 3217 778 3281; x_wconf 81' lang='grc' dir='ltr'><em>ἄλλων</em></span> <span class='ocrx_word' id='word_1_220' title='bbox 796 3215 837 3280; x_wconf 82' lang='grc' dir='ltr'><em>τὰ</em></span> <span class='ocrx_word' id='word_1_221' title='bbox 851 3218 1031 3301; x_wconf 77' lang='grc' dir='ltr'><em>μαθήματα</em></span> <span class='ocrx_word' id='word_1_222' title='bbox 1044 3221 1197 3300; x_wconf 83' lang='grc' dir='ltr'><em>προτιμᾷ.</em></span> 
     </span>
    </p>

    <p class='ocr_par' dir='ltr' id='par_1_11' title="bbox 131 3319 1198 3406">
     <span class='ocr_line' id='line_1_30' title="bbox 131 3319 1198 3406; baseline 0.003 -25"><span class='ocrx_word' id='word_1_223' title='bbox 131 3325 166 3382; x_wconf 74' lang='grc' dir='ltr'><em>ιδ</em></span> <span class='ocrx_word' id='word_1_224' title='bbox 271 3324 331 3398; x_wconf 84' lang='grc' dir='ltr'><em>Είς</em></span> <span class='ocrx_word' id='word_1_225' title='bbox 349 3321 449 3387; x_wconf 85' lang='grc' dir='ltr'><em>ταύτὸ</em></span> <span class='ocrx_word' id='word_1_226' title='bbox 470 3319 506 3386; x_wconf 73' lang='grc' dir='ltr'><em>δὲ</em></span> <span class='ocrx_word' id='word_1_227' title='bbox 521 3321 615 3406; x_wconf 82' lang='grc' dir='ltr'><em>φέρει</em></span> <span class='ocrx_word' id='word_1_228' title='bbox 629 3320 684 3387; x_wconf 78' lang='grc' dir='ltr'><em>καὶ</em></span> <span class='ocrx_word' id='word_1_229' title='bbox 698 3322 735 3387; x_wconf 88' lang='grc' dir='ltr'><em>τὸ</em></span> <span class='ocrx_word' id='word_1_230' title='bbox 756 3321 967 3406; x_wconf 81' lang='grc' dir='ltr'><em>ἀποδημῶν</em></span> <span class='ocrx_word' id='word_1_231' title='bbox 985 3331 1052 3406; x_wconf 76' lang='grc' dir='ltr'><em>τῆς</em></span> <span class='ocrx_word' id='word_1_232' title='bbox 1071 3323 1198 3397; x_wconf 84' lang='grc' dir='ltr'><em>οἰκίας</em></span> 
     </span>
    </p>
   </div>
   <div class='ocr_carea' id='block_1_3' title="bbox 183 3473 1203 3620">
    <p class='ocr_par' dir='ltr' id='par_1_12' title="bbox 183 3473 1203 3620">
     <span class='ocr_line' id='line_1_31' title="bbox 273 3473 1203 3547; baseline 0 -15"><span class='ocrx_word' id='word_1_233' title='bbox 273 3485 288 3532; x_wconf 83' lang='grc'><strong>6</strong></span> <span class='ocrx_word' id='word_1_234' title='bbox 307 3479 394 3532; x_wconf 88' lang='lat' dir='ltr'><strong>immo</strong></span> <span class='ocrx_word' id='word_1_235' title='bbox 409 3473 545 3532; x_wconf 78' lang='grc' dir='ltr'><em>ὑπόδεσιν</em></span> <span class='ocrx_word' id='word_1_236' title='bbox 561 3477 607 3531; x_wconf 86' lang='lat' dir='ltr'><em>hic</em></span> <span class='ocrx_word' id='word_1_237' title='bbox 622 3481 685 3547; x_wconf 81' lang='lat' dir='ltr'>etp.</span> <span class='ocrx_word' id='word_1_238' title='bbox 698 3483 758 3543; x_wconf 76' lang='lat'>107,</span> <span class='ocrx_word' id='word_1_239' title='bbox 769 3483 802 3532; x_wconf 91' lang='grc'><em>10</em></span> <span class='ocrx_word' id='word_1_240' title='bbox 814 3479 859 3545; x_wconf 71' lang='grc' dir='ltr'><em>(οἱ.</em></span> <span class='ocrx_word' id='word_1_241' title='bbox 869 3479 968 3533; x_wconf 76' lang='lat' dir='ltr'><strong>Nauck</strong></span> <span class='ocrx_word' id='word_1_242' title='bbox 984 3479 1020 3533; x_wconf 83' lang='lat' dir='ltr'><em>ad</em></span> <span class='ocrx_word' id='word_1_243' title='bbox 1029 3477 1129 3533; x_wconf 76' lang='lat' dir='ltr'>Iambl.</span> <span class='ocrx_word' id='word_1_244' title='bbox 1141 3478 1203 3532; x_wconf 77' lang='lat' dir='ltr'><strong>vit..</strong></span> 
     </span>
     <span class='ocr_line' id='line_1_32' title="bbox 183 3542 1197 3620; baseline 0.004 -22"><span class='ocrx_word' id='word_1_245' title='bbox 183 3546 266 3616; x_wconf 77' lang='lat' dir='ltr'><strong>Pyth.</strong></span> <span class='ocrx_word' id='word_1_246' title='bbox 278 3567 305 3616; x_wconf 90' lang='lat' dir='ltr'><em>p.</em></span> <span class='ocrx_word' id='word_1_247' title='bbox 316 3553 368 3602; x_wconf 79' lang='lat'><em>233</em></span> <span class='ocrx_word' id='word_1_248' title='bbox 378 3549 429 3617; x_wconf 84' lang='lat' dir='ltr'>sq.)</span> <span class='ocrx_word' id='word_1_249' title='bbox 443 3551 452 3615; x_wconf 77' lang='grc' dir='ltr'><em>ΙΙ</em></span> <span class='ocrx_word' id='word_1_250' title='bbox 466 3554 530 3615; x_wconf 82' lang='lat' dir='ltr'>9sq.</span> <span class='ocrx_word' id='word_1_251' title='bbox 546 3546 578 3601; x_wconf 85' lang='grc' dir='ltr'><em>τὸ</em></span> <span class='ocrx_word' id='word_1_252' title='bbox 594 3544 732 3617; x_wconf 78' lang='grc' dir='ltr'><em>σύμβολον</em></span> <span class='ocrx_word' id='word_1_253' title='bbox 748 3549 841 3604; x_wconf 80' lang='lat' dir='ltr'>delevi</span> <span class='ocrx_word' id='word_1_254' title='bbox 855 3550 864 3616; x_wconf 87' lang='grc' dir='ltr'><em>ΙΙ</em></span> <span class='ocrx_word' id='word_1_255' title='bbox 880 3554 912 3602; x_wconf 86' lang='grc'><em>18</em></span> <span class='ocrx_word' id='word_1_256' title='bbox 928 3548 980 3619; x_wconf 75' lang='grc' dir='ltr'><em>μὲν</em></span> <span class='ocrx_word' id='word_1_257' title='bbox 995 3542 1059 3620; x_wconf 83' lang='grc' dir='ltr'><em>οὖν]</em></span> <span class='ocrx_word' id='word_1_258' title='bbox 1076 3547 1139 3604; x_wconf 74' lang='lat' dir='ltr'><strong>fort.</strong></span> <span class='ocrx_word' id='word_1_259' title='bbox 1156 3546 1197 3603; x_wconf 71' lang='grc' dir='ltr'><em>δὲ.</em></span> 
     </span>
    </p>
   </div>
   <div class='ocr_carea' id='block_1_4' title="bbox 0 0 1353 3932">
    <p class='ocr_par' dir='ltr' id='par_1_13' title="bbox 0 0 1353 3932">
     <span class='ocr_line' id='line_1_33' title="bbox 0 0 1353 3932; baseline 0 0"><span class='ocrx_word' id='word_1_260' title='bbox 0 0 1353 3932; x_wconf 95' lang='lat' dir='ltr'><em> </em></span> 
     </span>
    </p>
   </div>
  </div>
 </body>
</html>
