2674 3932
443 157 717 213 PROTREPTICUS
736 160 770 229 (ε.
785 158 842 226 111).
1110 157 1150 221 15

134 325 233 404 Διός,
264 321 402 407 δευτέρα
431 317 468 384 δὲ
495 320 516 404 ῆ
544 329 605 385 τοῦ
628 318 789 396 δοθέντος
812 317 866 384 καλ
895 319 1151 405 συγκληρωθέν-

134 452 191 504 τος
213 429 292 512 ῆμίν
316 427 379 492 ἀπὸ
402 437 470 491 τῶν
493 433 585 492 θεῶν
610 428 769 510 δαίμονος
800 425 901 505 δεῖξις
924 425 1073 510 ἐμφανὴς
1095 424 1160 516 καὶ.

48 551 120 595 11A.
137 528 181 599 δι’
204 534 307 599 αὐτοῦ
330 534 431 598 πόλιν
450 535 532 618 πρὸς
554 535 633 609 τοὺς
655 535 758 608 θεοὺς
782 531 947 615 ἀναμωγῆ.
989 529 1150 618 οὐδὲγὰρ

136 639 178 704 ἀν
210 641 317 716 ἀλλως
349 662 398 714 τις
431 639 594 721 δυνηθείη
628 639 711 723 πρὸς
747 639 784 702 τὸ
818 640 997 702 θειότατον
1030 635 1151 707 ἑαυτοῦ

135 743 190 810 καὶ
225 746 431 832 κυριώτατον
463 753 521 827 τῆς
558 744 674 820 οὐσίας
710 743 929 830 ἀναδραμεῖν,
968 744 999 808 εί
1029 744 1072 827 μῆ
1105 752 1178 831 τῷο

54 873 121 912 οειτ
135 853 276 938 τοιούτῳ
302 852 437 934 δαίμονι
459 850 598 940 ῆνεμόνι
620 853 793 937 χρήσαιτο,
824 849 863 916 ὃν
887 853 942 915 δεῖ
961 850 1069 916 πάντα
1092 851 1151 914 τὸν

134 958 278 1044 ἐραστῆν
301 967 368 1022 τῶν
391 963 484 1022 θεῶν
507 960 653 1041 γνησίως
672 955 923 1042 ἀποκαθαίρειν.
966 950 1025 1040 ἀφ’
1048 951 1089 1021 οὗ
1109 956 1149 1039 δὴ

133 1064 247 1150 πρώτη
280 1060 342 1146 μὲν
375 1065 466 1128 ἔσται
498 1075 608 1130 κακῶν
640 1071 751 1130 παῦλα
786 1074 853 1130 τῶν
886 1066 1150 1148 συμπεφυκότων

134 1171 214 1255 ἡμῖν
238 1169 301 1234 ἀπὸ
324 1178 383 1253 τῆς
404 1169 581 1255 γενέσεως,
609 1174 720 1236 ἔπειτα
747 1181 869 1254 γνῶσις
897 1170 977 1254 ἡμῖν
1006 1169 1149 1254 ἀληθινῆ

134 1275 295 1362 παρέσται
321 1285 380 1360 τῆς
408 1278 582 1361 δαιμονίας
609 1276 664 1343 καὶ
691 1280 853 1363 μακαρίας
882 1281 978 1360 ζωῆς,
1012 1277 1073 1359 ὅση
1102 1278 1151 1352 τίς
1166 1296 1191 1335 10

135 1381 204 1446 ἐστι
231 1379 287 1447 καὶ
315 1381 427 1447 ὁποία·
462 1380 539 1466 μεθ’
571 1378 610 1466 ῆς
637 1382 788 1459 ἀνιόντες
814 1384 851 1447 τὸ
880 1381 1027 1467 ἀρχηγὸν
1053 1389 1151 1447 θεῖον

134 1485 233 1570 γένος
255 1497 322 1552 τῶν
347 1487 539 1574 ἀνθρώπων
561 1492 793 1572 κατοψόμεθα,
823 1486 878 1555 καὶ
906 1491 952 1564 είς
981 1488 1061 1553 αὐτὸ
1086 1488 1151 1554 ἐνι-

137 1591 320 1678 δρυθέντες
352 1591 446 1669 τέλος
482 1592 598 1677 ἕξομεν
630 1601 691 1658 τοῦ
727 1593 949 1679 προτεθέντος
984 1594 1049 1658 ὑπὸ
1085 1605 1151 1658 τῶν

135 1705 228 1764 θεῶν
251 1709 321 1774 τοῖς
344 1698 538 1784 ἀνθρώποις
560 1699 812 1783 μακαριωτάτου
836 1701 922 1780 βίου.

222 1802 294 1870 Ἐπὶ
317 1803 403 1870 τέλει
426 1807 543 1870 τοίνυν
562 1806 645 1891 πρὸς
667 1806 728 1888 τῆν
747 1805 945 1889 μετάστασιν
966 1814 1024 1889 τῆς
1046 1814 1153 1889 ψυχῆς
1168 1823 1192 1864 15

134 1909 311 1996 προτρέπει
333 1909 389 1976 καὶ
412 1912 473 1995 τῆν
498 1912 583 1995 ζωὴν
603 1911 703 1995 αὐτῆς
726 1912 787 1994 τῆν
809 1907 888 1976 καθ’
915 1910 1048 1995 ἑαυτήν,
1066 1908 1149 1976 Ικαθ’

134 2017 177 2100 ῆν
202 2016 404 2101 ἀπήλλακται
427 2026 488 2082 τοῦ
512 2019 663 2101 σώματος
685 2016 741 2082 καὶ
763 2029 831 2082 τῶν
854 2027 898 2105 τῷ
925 2018 1051 2103 σώματι
1075 2034 1153 2084 συν-

135 2121 331 2207 ηρτημένον
355 2123 498 2205 φύσεων.
545 2122 633 2206 λέγει
657 2120 694 2188 δὲ
718 2123 836 2200 οὕτως·
1004 2111 1012 2116 ’

181 2245 320 2328 ῆνίοχον
337 2244 481 2329 ’γνώμην
505 2254 628 2328 στῆσον
651 2247 870 2332 καθύπερθεν
893 2247 1049 2331 ἀρίστην,

181 2351 225 2435 ῆν
249 2346 280 2415 δ’
303 2350 486 2430 ἀπολείψας
508 2362 603 2437 σῶμα
627 2350 660 2427 ἐς
683 2349 794 2437 αἰθέρ’
816 2351 996 2435 ἐλεύθερον
1021 2355 1138 2438 ἔλθῃς,
1168 2375 1193 2414 εο

181 2459 293 2522 ἔσσεαι
316 2457 484 2535 ἀθάνατος
505 2460 586 2534 θεὸς
609 2459 789 2544 ἀμβροτος,
815 2457 925 2524 οὐκέτι
947 2462 1083 2541 θνητός.

136 2583 173 2646 τὸ
204 2578 266 2665 μὲν
294 2576 356 2647 οὖν
385 2582 422 2647 ἐν
448 2591 487 2667 τῆ
516 2582 671 2648 ἀνωτάτω
699 2580 787 2660 τάξει
816 2583 875 2647 τὸν
904 2584 1042 2668 ἀριστον
1070 2592 1154 2649 νοῦν

138 2685 284 2770 ἡγεμόνα
325 2691 598 2773 προστήσασθαι,
639 2697 697 2772 τῆς
738 2697 845 2773 ψυχῆς
886 2687 1053 2774 ἀκραιφνῆ
1092 2691 1154 2773 τῆν

54 2812 123 2854 3811.
138 2791 315 2874 ὁμοιότητα
353 2793 506 2881 διασῴζει
543 2796 626 2880 πρὸς
661 2797 740 2871 τοὺς
776 2796 895 2878 θεούς,
937 2798 984 2873 είς
1006 2797 1062 2880 ’ῆν
1098 2795 1154 2862 καί

212 2953 244 3001 19
256 2964 315 3014 sqq.
335 2946 425 3004 Ουτοι.
444 2949 509 3006 Aur.
530 2970 574 3006 vv.
590 2957 705 3007 69-71.

210 3096 225 3143 2
241 3085 437 3163 ίοτ1,καὶ<ῆ>
450 3091 460 3159 i
476 3096 508 3144 10
516 3108 556 3160 sq.
567 3088 618 3160 όση
630 3095 658 3162 (η
670 3110 704 3148 ex
714 3096 794 3161 corr.)
805 3095 833 3148 ei
843 3089 928 3148 ὁποῖα
942 3096 952 3163 ΙΙ
968 3098 1000 3147 18
1011 3095 1040 3148 εί
1049 3112 1075 3163 p.
1085 3099 1153 3164 1113

140 3159 272 3230 φόροεων
292 3162 323 3216 ελ
340 3158 462 3230 φόρτινῆ
481 3161 588 3228 Vitelli,
608 3164 653 3217 cui
665 3165 726 3222 tum
741 3162 818 3218 vocis
838 3161 957 3232 φύραμα
972 3183 1038 3219 usus
1053 3166 1099 3232 (ex
1111 3184 1152 3236 gr.

138 3234 223 3288 Marc.
235 3231 337 3286 Anion.
349 3231 454 3288 Oomm.
462 3238 526 3302 7,68
536 3252 563 3301 p.
573 3240 616 3303 94,
627 3240 661 3289 20
670 3234 779 3303 Stich),
793 3236 855 3288 ium
865 3235 915 3289 alii
924 3233 1090 3304 scriptorum
1098 3237 1154 3291 loci

140 3303 370 3371 obversabantur,
388 3303 517 3373 inprimis
536 3305 608 3360 Plat.
627 3306 769 3361 Phaedon.
788 3324 815 3374 p.
832 3311 865 3360 66
876 3305 896 3360 C
909 3305 1000 3430 gusta
1018 3326 1044 3376 p.
1062 3313 1152 3376 184,1

140 3374 261 3444 Κίοιο).
288 3377 434 3445 praeterea
447 3377 567 3432 conferri
580 3377 660 3432 iubet
669 3376 845 3431 Valckenaer
860 3377 896 3431 ad
933 3396 973 3432 ur.
988 3377 1072 3447 Hipp.
1085 3384 1154 3432 1114

139 3463 167 3513 p.
182 3451 242 3502 283.
271 3446 350 3501 atei.
365 3445 507 3504 Phaedon.
521 3467 548 3518 p.
564 3449 628 3504 61A
647 3448 731 3518 (infra
743 3467 771 3518 p.
784 3453 843 3520 186,
855 3455 888 3504 16
898 3448 1027 3518 Kiessl.)?
1042 3452 1051 3520 ΙΙ
1065 3456 1100 3504 23
1114 3449 1154 3504 di·

140 3516 258 3586 stinguit
275 3519 341 3587 post
359 3523 460 3589 ψυχῆς.
