2670 3932
418 193 696 250 PROTREPTICUS
715 196 748 261 (ο.
763 193 846 262 ΧΧΙ).
1078 192 1140 256 111

125 355 291 437 ἀποδείξει
312 357 455 443 παντοίᾳ
477 355 532 422 καὶ
556 363 822 442 σνναναγκασμῷ
844 353 1056 441 ὠχυρωμένα.
1103 357 1143 421 τά

125 461 161 530 δέ
189 464 272 529 αάτά
298 471 402 530 ταῦτα
431 463 572 528 δύναται
598 459 655 527 καὶ
681 463 764 548 πρὸς
790 462 852 546 τήν
876 460 1058 545 ἐπιστήμην
1080 463 1142 545 τήν

125 567 200 655 περὶ
230 575 323 636 θεῶν
355 567 568 656 προτρέπειν·
604 567 824 654 παραγγέλλει
859 567 923 652 γάρ
961 566 1142 652 ἐπιστήμην

124 676 282 759 τοιαύτην
308 679 511 761 κτήσασθαι,
539 671 584 740 δι’
614 669 654 758 ής
682 672 797 740 οὐδενὶ
824 673 1048 758 ἀπιστήσομεν
1075 684 1143 739 τών

6 853 8 858 ¹
39 803 77 842 ιιι
85 799 111 842 A.
125 779 314 867 λεγομένων
333 780 409 869 περὶ
427 788 521 848 θεῶν
539 777 684 867 καὶπερὶ
698 781 804 846 θείων
819 781 1002 865 δογμάτων.
1040 780 1169 845 ‹ww-⁵

125 913 176 955 ται
198 901 375 977 παραινεῖν
398 890 438 954 τὰ
461 887 545 954 αὐτά
567 886 623 955 καὶ
645 889 683 953 τὸ
707 888 764 952 διά
782 887 990 972 μαθημάτων
1008 895 1142 972 χωρεῖν·

38 1013 113 1054 ³28K·
127 997 341 1082 ὀμματουργά
368 997 431 1081 γάρ
454 1003 558 1060 ταῦτα
581 997 668 1078 μόνα
695 992 751 1059 καὶ
778 994 952 1078 φωτοποιά
978 990 1143 1076 περὶτῶν

124 1105 232 1169 ὄντων
252 1102 408 1167 ἀπάντων
427 1108 473 1188 τῷ
488 1099 644 1185 μέλλοντι
659 1098 842 1179 σκέψεσθαι
860 1098 916 1165 καὶ
937 1101 1143 1178 κατόψεσθαι

125 1209 217 1273 αὐτά.
264 1207 299 1273 ἐκ
322 1209 385 1292 γάρ
408 1214 469 1272 τοῦ
492 1208 701 1292 μαθημάτων
724 1216 897 1292 μετασχεῖν
918 1207 955 1272 ἓν
973 1207 1038 1292 πρὸ
1061 1206 1143 1270 πάν-

121 1330 192 1379 των
225 1315 433 1397 συνίσταται,
465 1315 502 1379 τὸ
534 1315 579 1399 μή
609 1315 758 1380 ἀπιστεῖν
790 1317 871 1398 μήτε
902 1311 977 1396 περὶ
1010 1314 1144 1399 φύσεως
1157 1333 1183 1371 10

107 1427 216 1486 ,θεῶν
237 1423 318 1505 μήτε
335 1418 410 1506 περὶ
430 1421 547 1498 οὐσίας
566 1423 646 1505 μήτε
668 1419 744 1506 περὶ
763 1421 946 1504 δυνάμεως,
969 1417 1054 1503 μηδὲ
1076 1420 1143 1504 μήν

124 1526 286 1609 περὶτῶν
305 1532 557 1611 Πυθαγορικῶν
577 1527 752 1610 δογμάτων
774 1530 1067 1610 τερατολογεῖσθαι
1091 1526 1143 1590 δο-

126 1633 277 1697 κοάντων
309 1642 379 1706 τοῖς
409 1631 615 1707 ἀνεισάκτοις
641 1629 697 1695 καί
729 1630 936 1715 μαθημάτων
971 1630 1142 1713 ἀμυήτοις·

127 1739 210 1804 ὥστε
233 1738 270 1804 τὸ
295 1736 351 1821 ’μή
379 1736 520 1802 ἀπίστεί
545 1742 620 1802 ίσον
644 1734 713 1802 ἐστὶ
739 1744 785 1824 τῷ
809 1735 968 1821 μετέρχου
994 1733 1050 1800 καὶ
1077 1746 1143 1801 κτῶ

126 1843 236 1910 ἐκεῖνα
264 1837 308 1907 δι’
329 1841 355 1908 ’ἀ
383 1843 444 1909 οὐκ
471 1843 676 1926 ἀπιστήσεις,
706 1841 856 1909 τουτέστι
883 1845 1062 1928 μαθήματα
1088 1841 1143 1908 καὶ
1158 1861 1183 1902 15

127 1948 381 2034 ἐπιστημονικὰς
403 1949 596 2030 ἀποδείξεις.

215 2051 317 2140 Οἶμαι
340 2050 371 2121 δ’
398 2057 449 2122 ὅτι
470 2055 526 2122 καὶ
549 2058 586 2122 τὸ
610 2055 664 2124 ἐπὶ
685 2059 817 2133 τούτοις
836 2058 883 2133 είς
900 2058 938 2121 τὸ
958 2055 1038 2121 αὐτὸ
1062 2072 1142 2121 σνν-

34 2145 111 2248 33οἒ
127 2166 240 2227 τείνει·
268 2164 335 2239 τάς
362 2167 592 2249 λεωφόρους
619 2163 738 2239 ὁδοὺς
765 2162 956 2229 ἐκκλίνων
979 2164 1044 2228 διά
1067 2173 1143 2228 τῶν

126 2267 307 2353 ἀτραπῶν
334 2268 480 2351 βάδιζε.
525 2267 580 2334 καὶ
607 2269 671 2352 γάρ
698 2276 796 2333 τοῦτο
824 2269 886 2351 τήν
914 2267 974 2353 μὲν
1006 2270 1142 2353 δημώδη

125 2371 181 2439 καί
209 2373 429 2466 ἀνθρωπίνην
463 2375 546 2457 ζωήν
578 2372 713 2458 ἀφιέναι
745 2372 980 2460 παραγγέλλει,
1011 2376 1074 2458 τήν
1107 2372 1143 2441 δὲ
1158 2395 1184 2434 ιο

125 2482 292 2565 χωριστήν
324 2478 380 2548 καὶ
411 2483 510 2546 θείαν
542 2480 760 2564 μεταδιώκειν
792 2478 894 2562 ἀξιοῖ,
926 2477 981 2544 καὶ
1009 2481 1050 2544 τά
1081 2477 1143 2565 μέν

126 2585 315 2673 δοξάσματα
342 2589 383 2652 τά
410 2587 508 2653 κοινά
534 2603 619 2672 φησι
642 2587 716 2652 δεῖν
737 2586 922 2672 ὑπερορᾶν,
949 2588 989 2651 τά
1013 2584 1050 2653 δὲ
1074 2589 1143 2652 ίδια

32 2709 110 2752 139A-
126 2692 182 2758 καὶ
214 2695 383 2781 ἀπόρρητα
414 2692 490 2780 περὶ
521 2699 649 2760 πολλοῦ
680 2700 865 2777 ποιεῖσθαι,
902 2691 958 2758 καλ
988 2695 1051 2778 τήν
1082 2691 1143 2778 μὲν

126 2800 209 2884 πρὸς
232 2800 434 2885 ἀνθρώπους
461 2799 634 2886 φέρουσαν
661 2799 779 2887 τέρψιν
806 2800 987 2886 ἀτιμάζειν,
1015 2801 1077 2884 τήν
1106 2798 1143 2865 δὲ

125 2911 184 2987 τής
206 2908 302 2982 θείας
325 2909 515 2989 βουλήσεως
538 2905 700 2992 ἐχομένην
719 2907 901 2992 εὐπραγίαν
919 2904 995 2991 περὶ
1015 2911 1143 2972 πολλοῦ
1157 2925 1183 2966 ω

126 3017 309 3095 ποιεῖσθαι,
332 3010 389 3078 καὶ
411 3014 451 3077 τά
471 3008 533 3098 μὲν
552 3012 750 3098 ἀνθρώπινα
769 3015 832 3096 έθη
852 3011 911 3078 ἐάν
931 3013 976 3088 ώς
994 3013 1142 3096 δημώδη,

125 3119 184 3194 τάς
208 3116 246 3184 δὲ
271 3128 340 3184 τῶν
362 3125 454 3185 θεῶν
476 3123 659 3206 θρησκείας
685 3119 729 3197 ώς
756 3119 981 3205 ὑπερεχούσας
1002 3119 1064 3202 τήν
1087 3119 1143 3203 δη-

6 3247 7 3250 ’
127 3224 222 3310 μώδη
247 3227 333 3310 ζωήν
357 3225 649 3293 ἀνταλλάττεσθαι.

84 3334 107 3391 ε’
218 3329 389 3416 Συγγενδς
412 3329 443 3397 δ’
470 3330 539 3399 ἐστὶ
561 3332 667 3419 τούτῳ
691 3327 746 3396 καὶ
774 3331 812 3396 τὸ
841 3330 972 3416 ἐφεξῆς·
1002 3337 1143 3416 μελαν-

168 3477 342 3484 ,κῇ-.-

219 3551 295 3632 4ἦς]
308 3554 362 3630 ἣνλ
378 3559 412 3617 cf.
427 3580 453 3618 v.
470 3567 503 3616 15
519 3563 684 3632 etp.121‚6
699 3562 708 3630 ΙΙ
722 3565 757 3615 24
771 3555 917 3632 ἀτιμάζειν
932 3561 970 3616 A:
985 3556 1141 3630 άτιμάσειν.
