2674 3932
477 211 753 270 Ρωοωωενιοοο
773 215 806 283 (ι.
822 213 865 282 ν).
1138 210 1181 276 35

163 375 335 460 ὑποβάλλη
358 376 396 440 τὸ
420 374 594 459 συμφέρον
617 371 672 440 καὶ
695 376 796 460 ταύτη
820 374 949 458 ἡγῆται,
974 368 1046 439 ἀλλ’
1069 371 1184 439 ἕπεταί

87 502 149 542 eex.
163 505 202 565 γε
225 483 360 558 ταύταις
381 479 437 546 καὶ
465 483 574 546 δεῖταί
598 505 635 565 γε
663 479 717 547 καὶ
746 490 807 546 τοῦ
831 482 1093 563 διακονησοντος
1116 481 1179 546 σώ-

163 612 265 674 ματος
293 586 349 652 καὶ
377 587 627 672 ἀναπίμπλαταί
650 585 766 671 γεκαὶ
797 596 854 671 τῆς
881 587 995 670 τύχης,
1023 583 1108 672 ὑπὲρ
1132 583 1180 653 ὧν

86 714 149 756 ωε.
164 694 349 761 ἀποδίδωσι
380 697 438 772 τὰς
470 693 604 783 πράξεις
637 689 685 760 ὧν
712 693 730 760 ὁ
757 702 840 771 νοῦς
871 694 1001 779 κύριος,
1033 690 1089 758 καὶ
1123 695 1179 758 διδι

164 802 315 886 σώματος
335 802 373 866 ac
388 804 515 868 πολλαί.
554 801 637 865 ὥστε
660 811 727 866 τῶν
746 801 955 885 διαυοησεων
975 800 1012 864 αί
1028 796 1075 864 δι’
1098 799 1206 865 αὐτὸσ

162 909 263 986 ψιλὸν
295 909 334 973 τὸ
365 915 510 994 θεωρεῖν
543 905 670 993 αίρεταλ
701 908 890 992 τιμιώτεραι
922 905 978 972 καὶ
1010 909 1181 991 κρείττους

161 1023 229 1079 τῶν
261 1015 344 1100 πρὸς
380 1015 463 1078 ἀλλα
496 1015 683 1098 χρησίμων·
721 1011 766 1077 δι’
803 1013 904 1090 αὑτδις
941 1009 978 1078 δὲ
1009 1017 1113 1097 τίμιοι
1146 1013 1183 1077 αί

162 1123 304 1206 θεωρίαι
329 1117 385 1184 καὶ
408 1121 520 1208 αίρετη
544 1119 581 1184 ἐν
604 1120 739 1197 ταύταις
761 1129 822 1186 τοῦ
844 1129 909 1185 νοῦ
930 1120 952 1204 ἡ
976 1122 1096 1204 σοφία,
1125 1120 1180 1184 διδ

163 1225 201 1293 δὲ
230 1226 364 1313 πράξεις
391 1228 429 1292 αί
456 1228 539 1292 κατὰ
567 1228 748 1311 φρόνησιν·
782 1228 865 1292 ὥστε
896 1228 933 1292 τὸ
964 1226 1096 1309 ἀγαθὸν
1124 1223 1180 1290 καὶ

161 1337 272 1419 τίμιον
295 1333 333 1399 έν
356 1344 427 1410 ταῖς
449 1334 532 1398 κατὰ
555 1336 680 1417 σοφίαν
702 1335 873 1419 θεωρίαις,
897 1335 1057 1418 θεωρίαις
1081 1328 1118 1397 δὲ
1137 1332 1178 1397 οὐ
1196 1352 1221 1390 10

162 1441 270 1524 δηπου
303 1441 404 1505 πάλιν
426 1451 508 1516 ,ταῖς
539 1440 731 1524 τυχούσαις·
768 1439 811 1504 οὐ
847 1439 910 1525 γὰρ
947 1447 1037 1504 πᾶσα
1069 1437 1181 1516 ἁπλῶς

160 1547 343 1630 κατάληψις
369 1549 495 1630 τίμιον,
524 1543 595 1610 ἀλλ’
621 1544 642 1627 ἡ
671 1554 731 1611 τοῦ
760 1546 921 1630 ἀρχοντος
949 1553 1060 1629 σοφοῦ
1083 1547 1181 1622 ὄντος

160 1649 297 1734 καὶτῆς
321 1651 356 1715 ἐν
380 1658 424 1737 τῷ
448 1648 547 1714 παντὶ
570 1648 682 1734 ἀρχῆς,
710 1649 793 1732 αὕτη
817 1648 872 1715 καὶ
896 1653 999 1736 σοφίφ
1024 1652 1180 1728 σύνοικος

160 1755 216 1822 καί
249 1759 378 1834 οίκείως
409 1755 452 1822 δν
484 1754 668 1821 ὑποκέοιτο.
716 1758 904 1840 αἰσθήσεως
937 1753 999 1839 μὲν
1031 1751 1094 1821 οὖν
1122 1754 1178 1822 καλ

160 1872 224 1929 νοῦ
257 1861 453 1949 ἀφαιρεθεὶς
488 1864 667 1948 ἄνθρωπος
700 1870 795 1953 φυτῷ
828 1865 977 1945 γίγνεται
1008 1866 1219 1949 aequulei-1⁵

161 1986 248 2053 σιος,
284 1980 348 2036 νοῦ
381 1968 418 2035 δὲ
450 1973 558 2055 μόνου
591 1967 806 2055 ἀφῃρημένος
838 1968 1070 2054 ἐκθηριοῦται,
1103 1970 1179 2037 ἀλο-

82 2094 146 2134 98Κ.
160 2079 235 2159 γίας
267 2072 305 2141 δέ
337 2074 534 2162 ἀφαιρεθεὶς
549 2103 551 2108 ·
566 2074 678 2161 μένων
709 2074 739 2140 δ’
777 2075 814 2141 ἐν
845 2083 892 2164 τῷ
924 2084 972 2165 νῷ
1006 2077 1179 2163 ὁμοιοῦται

160 2189 240 2271 θεῷ.
283 2181 508 2267 καταργητέον
541 2176 603 2247 οὖν
637 2184 683 2259 είς
712 2183 856 2267 δύναμιν
885 2191 943 2265 τῆς
970 2183 1107 2268 ἀλογίας
1138 2187 1179 2251 τὰ

159 2289 270 2372 πύθη,
302 2299 374 2366 ταῖς
402 2284 440 2353 δὲ
466 2297 527 2352 τοῦ
555 2296 619 2353 νοῦ
645 2293 811 2372 καθαραῖς
841 2287 1022 2373 ἐνεργείαις
1048 2289 1104 2354 καὶ
1131 2287 1197 2368 είςΙ

160 2392 281 2460 ἑαυτὸν
307 2393 362 2460 καὶ
389 2396 427 2460 τὸ
457 2401 556 2460 θείου
584 2392 778 2478 ἀφορώσαις
810 2392 988 2477 χρηστέον,
1020 2393 1076 2461 καὶ
1107 2407 1179 2474 ταῖς
1192 2414 1219 2452 20

161 2499 324 2579 διεξόδοις
340 2510 402 2566 τοῦ
416 2509 479 2566 νοῦ
494 2503 552 2583 ζῆν
570 2496 777 2584 μελετητέον,
796 2507 863 2563 πᾶν
880 2499 918 2563 τὸ
938 2508 995 2582 τῆς
1013 2511 1179 2586 προσοχῆς

81 2625 146 2665 οιΑ.
161 2608 250 2691 ὄμμα
273 2604 410 2671 καὶτὸν
433 2609 539 2691 ἔρωτα
558 2607 641 2691 πρὸς
664 2612 785 2670 τοῦτον
808 2604 1012 2682 συνάψαντα.
1055 2605 1178 2692 οὐγὰρ

160 2714 201 2797 δη
224 2715 265 2778 τδι
287 2711 363 2801 περὶ
381 2714 440 2778 τὸν
458 2714 543 2778 θεὸν
562 2710 618 2777 καλ
640 2713 680 2776 τὰ
699 2718 778 2777 θεία
796 2708 988 2798 θεωρητέον
1009 2721 1077 2778 τῶν
1095 2713 1177 2798 προί-

160 2817 244 2897 ξεων
267 2818 372 2886 ἕνεκα.
418 2819 459 2884 ού
482 2819 547 2905 γάρ
571 2834 654 2902 φασι
672 2819 813 2902 θεμιτὸν
838 2812 924 2883 εἶναι
945 2821 1094 2903 χραίνειν
1112 2821 1175 2903 τὴν

159 2923 246 2991 θέαν
273 2934 334 2992 τοῦ
362 2927 460 2990 θείου
492 2925 807 3009 καταδουλούμενον
839 2932 884 3012 τῷ
917 2935 978 2990 τοῦ
1010 2929 1176 3012 χρησίμου
1190 2943 1216 2984 25

161 3032 354 3118 ἀνθρώποις
377 3031 561 3119 ἀναγκαίῳ,
590 3026 664 3096 οὐδ’
691 3030 776 3108 ὅλως
798 3032 858 3096 τδν
881 3039 965 3098 νοῦν
989 3030 1176 3100 ἀσπαστέον

161 3140 217 3204 διδι
230 3140 289 3215 τάς
301 3141 412 3224 χρείας
425 3159 498 3201 *e*
512 3137 607 3214 είκὼς
623 3139 706 3224 πρὸς
721 3137 842 3214 ταύτας
862 3133 979 3223 (μόνος
998 3137 1039 3220 δὴ
1059 3147 1176 3203 πασῶν

251 3372 275 3422 1.
290 3372 308 3422 4
324 3384 382 3422 non
399 3367 536 3436 intellego
550 3367 559 3436 ΙΙ
574 3369 590 3420 5
609 3359 679 3419 αὐτὸ
694 3363 733 3419 Ax
753 3357 823 3419 τιδιὸ
838 3365 878 3432 118
897 3359 993 3432 αίρετὴ
1006 3362 1044 3418 A:
1064 3359 1150 3434 ἀρετὴ
1165 3368 1175 3435 ΙΙ

160 3444 194 3493 22
209 3439 292 3494 τοῦτο
306 3436 332 3491 A
345 3441 354 3507 ΙΙ
368 3444 402 3493 27
417 3438 546 3493 lacunam
561 3436 685 3507 signavit
697 3434 802 3502 Vitelli,
818 3433 867 3503 qui
880 3430 968 3509 (οὐδὲ
984 3433 1177 3510 συντακτέον)

161 3509 222 3583 εἰκῇ
237 3509 381 3566 λοωδοοεδι
395 3506 445 3564 τὸν
459 3509 530 3564 νοῦν
544 3504 783 3563 κατασπάσασθαι
797 3506 848 3568 τὰς
864 3509 959 3574 χρείας
973 3503 1050 3570 eleis
1063 3510 1104 3576 (ολ
1114 3501 1173 3562 elui

161 3581 188 3634 h.
207 3597 233 3635 e.
254 3577 336 3643 εἰκὼς
355 3581 452 3650 codex)
471 3578 585 3650 eeripeit
600 3578 627 3632 K
640 3578 649 3647 ΙΙ
663 3577 712 3651 δὴ]
731 3573 804 3647 γάρθ
823 3577 931 3633 Vitelli.

978 3666 1016 3720 3*
