2674 3932
538 235 757 290 PRAEFATIO.
1131 236 1156 290 V

143 397 196 462 vel
232 398 364 462 omnino
398 399 670 482 praetermitteret
702 399 754 463 rel
786 397 871 462 libro
899 395 1075 463 Parisiensi
1103 395 1157 462 ad·

144 503 299 569 scriberet
318 501 380 592 (ex.
395 524 444 589 gr.
456 527 486 590 p.
503 505 576 589 110,
593 504 633 570 15
653 505 757 587 ὄγκου
777 504 838 586 [sic
857 503 955 569 etiam
971 503 1038 569 cod.
1053 502 1154 584 Ilion]

143 630 203 692 pro
227 607 347 695 οἴκου).

211 713 330 779 Latina
353 714 451 779 etiarn
474 713 667 800 Kiesslingii
688 715 934 800 interpretatio,
961 735 1158 798 quamquam

143 820 241 906 longe
266 824 437 905 exsuperat
459 821 607 886 bonitate
629 821 838 887 Arcerianam
863 843 927 905 qua
949 820 1031 884 nihil
1048 823 1158 904 potest

144 948 214 993 esse
241 927 442 1009 mendosius,
473 928 624 992 omnibus
647 928 790 993 numeris
814 928 966 993 absoluta
988 926 1023 990 in
1045 925 1157 991 Plato-

143 1034 226 1099 nicis
234 1031 259 1118 ¹)
291 1033 484 1116 praesertim
517 1037 550 1098 et
579 1032 799 1100 Aristotelicis
833 1033 992 1117 excerptis
1022 1031 1158 1098 iudicari

144 1141 266 1224 nequit.
312 1139 364 1203 Ab
394 1161 432 1204 ea
459 1142 569 1205 tamen
597 1163 648 1205 me
677 1163 747 1206 esse
776 1140 921 1206 adiutum
948 1140 1087 1225 ingenue
1110 1139 1158 1204 fa·

142 1249 227 1332 teor3
246 1267 349 1330 neque
363 1246 562 1332 Kiesslingio
583 1251 659 1311 sunt
679 1247 788 1312 omnia
802 1246 882 1312 vitia
897 1245 1072 1331 opprobrio
1088 1267 1158 1310 ver·

144 1351 251 1435 tenda,
275 1374 347 1417 cum
370 1353 433 1418 loci
456 1353 609 1437 permulti
627 1354 772 1439 graviter
792 1353 935 1437 corrupti
952 1373 1056 1436 neque
1074 1351 1158 1416 uerti

145 1480 249 1543 neque
272 1459 422 1542 intellegi
444 1459 512 1524 ullo
537 1459 633 1525 modo
656 1463 801 1545 possent.

211 1563 323 1650 Longe
342 1565 478 1630 meliora
497 1587 547 1630 me
567 1567 771 1650 praestitisse
789 1566 825 1629 in
843 1565 984 1630 editione
999 1585 1072 1629 mea
1086 1563 1155 1628 sine

147 1670 353 1752 arrogantiae
381 1670 516 1735 crimine
544 1669 705 1735 affirmare
734 1692 881 1755 possum,
910 1670 1068 1753 siquidem
1091 1691 1159 1733 non

150 1796 190 1840 ex
212 1776 344 1860 ingenio
368 1780 401 1841 et
424 1777 572 1843 doctrina
591 1776 724 1842 editoris
743 1775 824 1841 haec
843 1776 914 1840 laus
934 1776 1079 1860 accessit,
1102 1776 1158 1840 sed

146 1902 184 1946 ex
217 1883 337 1947 virtute
368 1883 487 1949 codicis
516 1882 699 1958 Florentini
726 1880 895 1969 (Laurent.
919 1881 1100 1960 LXXXVI,
1124 1883 1158 1968 33

147 1988 187 2054 cf.
215 1986 597 2075 Bandini111‚286sq.
636 1987 751 2074 (lohet,
784 1985 955 2055 Mnemcs.i
976 1988 1009 2053 II
1034 1989 1111 2070 [187
1136 1991 1159 2074 ],

146 2093 210 2159 261
228 2116 296 2179 sqq.
324 2095 438 2161 Nauck
460 2097 481 2160 l.
505 2118 530 2162 c.
553 2119 584 2180 p.
603 2094 746 2161 XXXIII
760 2095 859 2181 sqq),
888 2117 983 2180 quern
1011 2094 1158 2179 archety-

147 2221 226 2283 pum
255 2221 325 2265 esse
353 2201 497 2266 omnium
526 2205 687 2286 quotquot
714 2204 828 2266 extant
854 2201 1012 2266 librorum
1036 2201 1159 2285 primus

149 2305 250 2369 edixit
279 2303 436 2389 Oobetus,
468 2306 663 2372 firmissimis
692 2309 815 2388 autem,
842 2309 880 2369 ut
907 2306 1037 2388 opinor,
1065 2326 1158 2390 argu·

146 2411 264 2477 mentis
293 2411 364 2495 ipse
388 2411 611 2476 demonstrare
635 2414 771 2476 conatus
795 2431 868 2474 sum
890 2412 976 2487 Meos.
1000 2411 1066 2476 dol.
1090 2411 1110 2475 l.
1134 2433 1160 2477 o.

146 2541 177 2602 p.
195 2517 261 2584 457
278 2541 347 2603 sqq.
382 2516 566 2582 Florentini
589 2517 692 2602 igitur
716 2516 885 2600 archetypi
909 2537 968 2600 ope
991 2516 1159 2583 innumera

147 2624 229 2690 uitia
261 2628 338 2689 sunt
370 2625 500 2690 sublata
532 2624 583 2690 vel
616 2625 732 2689 saltem
760 2624 900 2710 detecta,
933 2627 1067 2687 manent
1095 2624 1160 2688 alia

149 2753 231 2814 quae
246 2731 379 2796 meliore
393 2751 478 2794 nunc
493 2751 550 2813 spe
563 2730 640 2794 licet
653 2733 828 2813 procurent
841 2729 1003 2815 ingeniosi
1012 2729 1160 2795 homines

149 2837 188 2901 de
212 2836 332 2900 tradita
355 2835 519 2918 scriptura
541 2831 690 2921 edocti2).
726 2835 886 2919 Equidem
909 2857 974 2900 non
998 2835 1061 2901 hoc
1080 2835 1160 2900 mihi

147 2971 361 2981 ..--.--

221 3049 247 3114 1)
265 3045 297 3099 In
315 3043 468 3098 Platonicis
492 3045 630 3114 excerptis
651 3044 778 3099 licinum
798 3047 842 3099 est
863 3045 1028 3114 plerumque
1047 3048 1157 3100 secutus

147 3132 333 3204 Kiesslingius
350 3131 395 3204 (of.
410 3131 500 3186 Praef.
515 3151 543 3202 p.
558 3133 629 3202 XV),
651 3133 694 3188 ita
711 3135 744 3188 ut
762 3134 888 3188 locorum
903 3150 972 3200 quos
988 3131 1160 3188 lamblichus

148 3222 309 3291 mutarent,
328 3222 416 3276 immo
435 3236 502 3276 vero
521 3221 685 3290 corruperit,
703 3221 811 3276 nullam
828 3222 967 3276 rationem
982 3221 1012 3276 in
1025 3221 1160 3292 interpre-

147 3313 255 3369 tatione
273 3312 397 3366 haberet

220 3404 248 3470 2)
271 3399 381 3455 Codicis
404 3397 560 3454 Florentini
582 3398 719 3454 lectiones
747 3400 858 3454 tantum
885 3415 941 3453 non
968 3416 1065 3455 ornnes
1088 3399 1159 3454 iam-

149 3489 253 3544 dudum
268 3487 375 3557 publici
389 3487 457 3542 iuris
471 3487 597 3542 fecerant
611 3486 732 3543 (lobetus
748 3489 803 3558 (op.
818 3486 888 3558 cit),
908 3486 1031 3542 Hillerus
1051 3489 1079 3558 (J
1084 3489 1160 3542 ahr-

148 3579 279 3633 bticher
299 3575 345 3630 fiir
363 3574 435 3630 Phil.
455 3575 533 3641 CVII
548 3576 658 3649 [1873],
676 3595 703 3647 p.
720 3582 771 3632 387
786 3579 851 3645 sq),
874 3575 1006 3631 Vitellius
1026 3577 1115 3646 (Mas.
1130 3575 1160 3629 it.
