2670 3932
182 231 244 296 118
592 227 781 284 IAMBLICHI

179 390 440 478 φιλοσοφητέον·
468 391 589 476 ἀμοιβὴ
617 392 681 477 γάρ
705 415 754 470 τις
776 389 831 456 καί
855 390 1077 469 ἀνταπόδοσις
1099 391 1120 475 ἡ
1145 392 1195 456 δι-

178 500 352 584 καιοσύνη,
375 500 413 564 τὸ
431 499 613 577 πλεονάζον
632 496 686 564 καὶ
707 493 834 575 ίλλιπὲςΙ
853 496 1122 563 ἀνταποδιδοῦσα
1147 495 1191 564 δι’

106 593 110 602 ’
179 605 395 682 ἀντισῶσεως.

141 720 167 778 κ’
271 713 316 778 Τὸ
344 709 382 777 δὲ
412 711 453 777 ἐν
482 710 559 799 ὁδῶ
588 713 636 796 μὴ
665 713 770 796 σχίζε
799 712 898 794 δηλοί
923 711 974 775 ὅτι
1002 711 1039 776 ἓν
1066 709 1127 796 μὲν
1156 715 1193 779 τὸ
1208 732 1287 775 ιιειτ

151 818 319 903 τάληθές,
347 815 547 904 πολυσχιδὲς
575 814 612 882 δὲ
640 819 676 883 τὸ
704 819 842 895 ψεῦδος·
876 818 979 901 δῆλον
1008 814 1044 882 δὲ
1073 816 1109 883 ἐκ
1135 831 1196 884 τοῦ

178 928 215 991 τὸ
239 925 300 1010 μέν
323 950 354 991 τι
383 925 523 991 ἕκαστον
547 935 699 1010 μοναχῶς
722 923 879 1008 λέγεσθαι
903 930 993 1009 είπερ
1020 924 1121 1008 ὑγιῶς
1145 924 1195 991 λέ-

178 1055 287 1116 γοιτο,
316 1034 353 1098 τὸ
378 1030 469 1098 δέτι
492 1029 567 1116 οὐχὶ
591 1030 730 1096 ἕκαστον
758 1030 906 1115 ἀπείροις
928 1033 1070 1116 τρόποις.
1117 1031 1196 1110 ὁδὸς

157 1140 221 1223 ’δη
254 1139 275 1222 ἡ
307 1140 493 1224 φιλοσοφία
526 1139 620 1203 δοκεῖ
649 1133 744 1203 εἶναι.
796 1136 884 1221 λέγει
919 1133 981 1203 οὖν
1014 1139 1065 1204 ὅτι
1097 1140 1195 1224 αίροῦ

180 1248 386 1330 φιλοσοφίαν
410 1244 542 1327 ἐκείνην
565 1242 701 1328 καλιὴν
720 1242 772 1309 ἐπὶ
792 1247 918 1328 σοφίαν
936 1243 1030 1327 ὁδόν,
1054 1244 1090 1310 ἐν
1113 1236 1134 1331 ᾗ
1154 1245 1195 1310 οὐ

139 1376 165 1415 ιο
180 1354 304 1437 σχίσεις
331 1347 411 1417 οὐδὲ
439 1350 676 1436 ἀντιλεγόμενα
705 1352 928 1436 δογματίσεις,
962 1351 1045 1416 ἀλλά
1072 1349 1195 1417 ἑστῶτα

178 1457 233 1524 καὶ
260 1460 300 1523 τά
328 1457 412 1523 αὐτὰ
439 1456 569 1535 ἑαυτοῖς
596 1457 761 1536 ἀποδείξει
792 1457 1027 1544 ἐπιστημονικῇ
1057 1461 1195 1542 βεβαιω-

178 1564 283 1632 θέντα
307 1566 362 1630 διὰ
386 1565 594 1650 μαθημάτων
613 1563 669 1630 καὶ
687 1568 844 1651 θεωρίας,
869 1566 886 1630 ὅ
911 1564 979 1630 ἐστι
999 1569 1193 1649 Πυθαγορι-

177 1685 243 1750 κῶς
267 1674 455 1757 φιλοσόφει.
498 1673 638 1738 δύναται
662 1669 698 1737 δὲ
721 1676 785 1758 καί,
808 1711 845 1720 -
869 1670 982 1756 ἐπειδὴ
1005 1671 1026 1755 ἡ
1051 1671 1107 1735 διὰ
1129 1681 1196 1736 τῶν
1211 1691 1288 1732 ιιοε.

127 1801 129 1808 ·
179 1789 373 1863 σωματικῶν
401 1776 456 1844 καί
488 1781 659 1865 αίσθητῶν
691 1787 847 1865 χωροῦσα
879 1779 1077 1864 φιλοσοφία,
1110 1770 1131 1864 ᾗ
1164 1779 1200 1843 οἱ

139 1907 164 1948 ιε
178 1884 335 1968 νεώτεροι
366 1888 557 1971 κατακόρως
588 1897 733 1971 χρῶνται
765 1883 820 1951 καί
847 1886 907 1950 τὸν
938 1886 1022 1950 θεὸν
1056 1883 1112 1950 καὶ
1139 1885 1197 1962 τάς

177 1992 355 2073 ποιότητας
382 1988 437 2055 καὶ
464 1992 526 2074 την
553 1991 665 2076 ψυχὴν
692 1989 747 2056 καί
770 1993 829 2068 τάς
856 1991 974 2076 ἀρετάς
1003 1989 1058 2056 καὶ
1086 1990 1197 2068 άπλῶς
1325 1997 1326 2020 ¹

178 2097 286 2162 πάντα
318 2098 358 2161 τὰ
386 2097 423 2163 ἐν
450 2109 520 2175 τοῖς
548 2092 645 2172 οὖσιν
673 2103 762 2163 αίτια
789 2099 975 2183 κυριώτατα
1006 2101 1197 2183 νομίζοντες

179 2213 274 2286 σῶμα
301 2198 402 2287 εἶναι,
435 2203 655 2289 εύολίσθητός
685 2204 754 2270 ἐστι
780 2203 834 2270 καὶ
864 2203 1119 2289 εὐανάτρεπτος,
1153 2205 1198 2282 ῶς

180 2310 343 2393 δηλοῦσιν
367 2311 404 2375 αί
419 2321 486 2376 τῶν
505 2312 699 2378 δοκούντων
721 2336 754 2378 τι
776 2310 885 2395 λέγειν
905 2309 981 2396 περὶ
1000 2310 1103 2395 αὐτῆς
1124 2333 1197 2376 ποι-

139 2443 165 2482 εο
179 2417 356 2482 κιλῶταται
379 2417 609 2504 ἐπιχειρήσεις·
633 2418 654 2502 ἡ
678 2414 715 2483 δὲ
733 2418 832 2500 <διά>
853 2428 920 2481 τῶν
939 2417 1124 2501 ἀσωμάτων
1142 2416 1197 2483 καὶ

180 2535 312 2608 νοητῶν
340 2524 452 2591 ἀύλων
479 2523 592 2591 τεκαὶ
616 2524 734 2590 ἀιδίων
757 2525 818 2607 τὴν
845 2524 1058 2609 προχῶρησιυ
1081 2545 1197 2590 ποιου-
1211 2545 1286 2586 ιειιι

180 2629 274 2715 με’νη,
298 2641 365 2697 τῶν
388 2654 423 2696 τε
446 2629 497 2696 ἀεὶ
519 2633 602 2696 κατά
624 2632 665 2695 τά
689 2630 772 2695 αύτά
794 2628 849 2695 καὶ
872 2631 1029 2708 ὡσαύτως
1052 2629 1198 2715 ἐχόντων

180 2735 235 2800 καὶ
264 2733 424 2800 οὐδέποτε
457 2736 539 2802 ὅσον
571 2730 622 2801 ἐπ’
654 2735 767 2813 αὐτοῖς
799 2738 936 2820 φθοράν
962 2736 983 2820 ἢ
1012 2739 1198 2822 μεταβολὴν

180 2839 436 2926 ἐπιδεχομένων,
456 2841 553 2926 ὁμοία
571 2854 642 2920 τοῖς
659 2841 891 2927 ὑποκειμένοις
909 2842 1115 2920 ἀδιάπτωτος
1130 2842 1199 2909 ἐστι

140 2972 166 3014 ιε
180 2945 235 3013 καὶ
263 2946 444 3032 εὐσταθης,
478 2947 611 3034 ἑδραίας
642 2947 697 3014 καί
730 2949 886 3028 ἀκλινοῦς
912 2950 1111 3030 ἀποδείξεως
1142 2951 1199 3035 δη·
1322 2959 1323 3030 ζ

180 3057 351 3140 μιουργύς,
367 3093 408 3102 -
424 3057 645 3141 συμβουλεύει
667 3059 787 3123 τοίνυν
809 3057 889 3142 ἡμῖν
911 3059 949 3123 τὸ
973 3059 1199 3143 παράγγελμα,
1322 3055 1323 3073 ’

180 3161 316 3227 ἐπειδάν
340 3167 579 3247 φιλοσοφῶμεν
603 3161 658 3227 καὶ
680 3164 741 3247 τὴν
761 3162 972 3248 δηλουμένην
991 3163 1073 3230 ὁδὸν
1092 3164 1200 3229 ἀνύω-

181 3293 253 3351 μεν,
278 3270 417 3352 φεύγειν
436 3265 497 3353 μὲν
515 3270 577 3353 την
600 3279 668 3335 τῶν
692 3279 887 3353 σωματικῶν
907 3267 963 3334 καὶ
986 3270 1201 3354 πολυσχιδῶν
1321 3315 1322 3336 2

182 3374 342 3459 ἐπιβολὴν
369 3372 423 3440 καί
451 3375 636 3460 ἀποδοχήν,
668 3381 966 3460 προσοικειοῠσθαι
996 3372 1033 3440 δὲ
1061 3384 1102 3460 τῇ
1132 3385 1200 3470 τῶγ

271 3604 305 3654 10
324 3603 426 3670 σχίσεις
444 3601 610 3656 Vulcanius:
631 3604 717 3671 σχίσις
731 3605 740 3671 ΙΙ
754 3608 788 3657 20
808 3601 856 3657 διά
875 3601 987 3658 addidit
1005 3601 1040 3658 K.
