2674 3932
392 175 667 233 PROTREPTICUS
684 178 719 246 (ο.
735 176 807 230 vm.
822 175 880 246 υς).
1100 177 1143 241 49

222 339 278 404 IX.
314 337 469 402 ’Ἀνωθεν
498 335 534 403 δέ
562 337 740 421 ἀρχόμενοι
764 336 827 402 άπὸ
851 345 910 402 τοῦ
932 346 989 420 τῆς
1012 339 1144 421 φύσεως

134 445 342 528 βουλήματος
374 441 427 508 ἐπὶ
458 443 520 526 τὴν
553 443 658 527 αὐτην
685 443 878 528 προτροπὴν
905 452 1143 528 προχωροῦμεν

135 550 265 615 οὑτωσί.
301 558 368 613 τῶν
385 547 573 633 γινομένων
591 548 631 612 τὰ
649 544 710 632 μὲν
729 547 793 613 άτιό
811 570 902 624 τινος
921 541 1071 626 διανοίας
1088 549 1144 614 καὶ

133 653 249 740 τέχνης
271 657 408 738 γίνεται,
433 647 506 720 οἷον
526 655 613 719 οίκία
631 651 686 718 καὶ
704 658 823 719 πλοῖον
847 651 1060 739 (ἀμφοτέρων
1078 657 1142 740 γάρ

133 761 261 827 τούτων
284 762 372 826 αἰτία
399 758 496 844 τέχνη
523 761 572 836 τίς
594 758 664 824 έστι
686 757 741 824 καὶ
765 758 928 845 διάνοια),
955 759 995 824 τά
1023 757 1061 825 δέ
1088 761 1170 825 διάε

133 864 248 950 τέχνης
270 864 331 950 μὲν
355 866 525 950 οὐδεμιᾶς,
549 865 632 930 ἀλλὰ
656 865 711 930 διά
734 865 851 948 φύσιν·
882 861 974 952 ζῴων
1001 867 1065 951 γάρ
1088 865 1143 931 καί

133 983 249 1055 φυτῶν
273 973 361 1038 αίκία
384 973 496 1056 φύσις,
519 970 678 1036 καὶκατὰ
701 971 807 1054 φύσιν
824 972 951 1053 γίνεται
973 971 1080 1036 πάντα
1103 975 1143 1037 τὰ

132 1086 277 1142 τοιαῦτα.
324 1077 407 1143 άλλοὶ
434 1079 501 1162 μὴν
528 1075 584 1143 καὶ
611 1078 667 1142 διά
694 1077 798 1161 τύχην
826 1079 899 1141 ἔνια
925 1079 1053 1160 γίνεται
1075 1088 1142 1142 τῶν

46 1205 84 1244 ιω
92 1203 121 1246 x,
134 1184 347 1268 πραγμάτων·
372 1184 433 1249 ὅσα
453 1185 517 1267 γάρ
536 1185 616 1268 μήτε
640 1184 697 1247 διὰ
717 1181 837 1267 τέχνην
855 1185 936 1267 μητε
960 1183 1015 1247 διὰ
1038 1183 1143 1268 φύσιν

132 1287 206 1373 μηδ
230 1288 262 1368 έξ
286 1289 431 1374 ἀνάγκης
451 1292 611 1374 γίγνεται,
634 1291 674 1353 τά
696 1290 802 1355 πολλὰ
824 1289 952 1354 τούτων
971 1290 1026 1354 διὰ
1039 1290 1143 1374 τύχην
1157 1309 1183 1348 ιο

132 1397 292 1477 γίνεσθαί
312 1420 430 1480 φαμεν.
471 1406 539 1460 τῶν
557 1393 619 1479 μὲν
638 1390 700 1460 οὖν
724 1395 787 1460 άττὸ
810 1396 911 1480 τύχης
933 1393 1142 1480 γιγνομένων

56 1519 117 1563 τοιη
133 1496 235 1566 οὐδὲν
258 1500 354 1566 ἕνεκά
376 1523 437 1565 του
460 1504 624 1583 γίγνεται,
653 1495 727 1564 οὐδ’
754 1501 823 1565 ἔστι
844 1522 877 1564 τι
898 1498 993 1576 τέλος
1015 1501 1141 1578 αὐτοῖς·

132 1617 202 1682 τοῖς
230 1605 267 1670 δέ
295 1605 358 1671 ἀπὸ
385 1603 501 1690 τέχνης
527 1605 739 1689 γιγνομένοις
765 1607 873 1670 ἔνεστι
901 1604 957 1670 καὶ
984 1607 1022 1671 τὸ
1049 1605 1143 1682 τέλος

131 1708 187 1775 καὶ
219 1712 256 1776 τὸ
289 1704 331 1775 οὗ
362 1708 459 1774 ἕνεκα
487 1707 552 1796 (ἀεὶ
579 1711 643 1796 γὰρ
671 1708 690 1774 ὁ
716 1709 778 1792 τὴν
804 1707 925 1793 τέχνην
952 1712 1037 1794 ἔχων
1062 1710 1142 1776 ἀκο-

133 1816 233 1882 δώσει
261 1832 315 1881 σοι
347 1817 448 1898 λόγον
480 1809 525 1879 δι’
559 1814 599 1879 ὃν
627 1816 750 1899 ἔγραψε
776 1811 830 1878 καὶ
858 1809 900 1879 οὗ
927 1812 1053 1902 ἕνεκα),
1085 1815 1141 1880 καλ
1156 1833 1181 1875 ιι

131 1929 229 1986 τοῦτο
254 1921 332 2003 [ὅτι]
356 1918 487 2004 βέλτιόν
510 1918 599 1985 ἐστιν
628 1918 649 2003 ἢ
672 1920 710 1984 τὸ
734 1921 789 1985 διὰ
810 1928 909 1986 τοῦτο
933 1924 1141 2006 γιγνόμενον.

131 2025 216 2111 λέγω
240 2023 270 2090 δ’
298 2028 387 2091 ὅσων
410 2024 488 2091 καθ’
515 2026 620 2111 αὑτὴν
642 2026 663 2110 η
686 2023 783 2111 τέχνη
806 2025 954 2111 πέφυκεν
976 2029 1064 2093 αίτία
1086 2025 1141 2093 καὶ

131 2133 176 2216 μὴ
199 2134 281 2196 κατὰ
302 2134 523 2216 συμβεβηκός·
546 2132 661 2215 ὑγείας
683 2128 743 2214 μέν
761 2132 826 2216 γάρ
846 2132 996 2218 ίατρικὴν
1014 2138 1141 2217 μᾶλλον

130 2238 151 2322 ἢ
179 2241 283 2304 νόσον
313 2240 435 2322 κυρίως
462 2236 504 2302 δν
531 2239 686 2321 θείημεν,
717 2238 932 2321 οίκοδομικὴν
960 2234 997 2302 δὲ
1024 2238 1139 2321 οίκίας,

132 2341 204 2409 ἀλλ’
227 2342 268 2408 ού
286 2351 348 2409 τοῦ
365 2343 592 2425 καταβάλλειν.
632 2351 700 2407 πᾶν
718 2343 783 2426 άρα
801 2340 898 2406 ἕνεκά
914 2364 975 2406 του
992 2343 1140 2424 γίγνεται
1154 2363 1180 2403 το

130 2450 169 2514 τὸ
191 2451 273 2514 κατὰ
295 2447 430 2534 τέχνην,
457 2447 512 2513 καί
534 2457 634 2513 τοῦτο
656 2445 750 2523 τέλος
773 2446 874 2530 αὐτῆς
896 2448 933 2510 τὸ
957 2445 1139 2532 βέλτιστον,

130 2556 168 2620 τὸ
191 2553 304 2638 μέντοι
328 2556 384 2620 διὰ
410 2555 514 2640 τύχην
543 2553 584 2619 ού
610 2556 737 2638 γίνεται
766 2551 861 2618 ἕνεκά
888 2572 961 2618 του·
995 2556 1139 2638 συμβαίη

131 2657 277 2746 μὲνγὰρ
301 2659 343 2726 άν
369 2659 425 2726 καὶ
452 2660 516 2726 άτιὸ
543 2661 644 2745 τύχης
670 2682 702 2724 τι
729 2658 875 2743 ἀγαθόν,
904 2659 944 2723 ού
968 2659 1034 2743 μην
1057 2658 1141 2724 ἀλλά

130 2765 213 2831 κατά
235 2789 272 2850 γε
294 2767 356 2849 τὴν
378 2767 483 2850 τύχην
510 2763 565 2832 καὶ
588 2769 738 2832 καθόσον
761 2765 825 2832 άπὸ
854 2766 955 2851 τύχης
978 2765 1040 2831 ούκ
1061 2764 1142 2850 άγα-1

131 2875 214 2954 θόν,
238 2872 394 2958 ἀόριστον
418 2869 451 2934 δ’
479 2869 530 2936 άεὶ
553 2872 589 2935 τὸ
612 2874 813 2956 γιγνόμενόν
835 2869 904 2936 ἐστι
928 2864 999 2936 κατ’
1026 2871 1139 2956 αὐτην.
1154 2891 1181 2932 τε

131 2976 215 3043 ἀλλὰ
244 2978 310 3062 μὴν
333 2978 370 3040 τό
393 2977 535 3059 γεκατὰ
558 2977 663 3060 φύσιν
685 2974 781 3040 ἕνεκά
808 2998 869 3040 κου
896 2978 1058 3060 γίγνεται,
1085 2975 1141 3043 καὶ

49 3101 117 3141 14211.
131 3085 302 3166 βελτίονος
332 3081 445 3148 ἕνεκεν
477 3078 528 3146 ἀεὶ
560 3084 753 3147 συνίσταται
784 3081 804 3165 ἦ
832 3081 982 3166 καθάπερ
1014 3083 1051 3146 τὸ
1085 3084 1141 3148 διὰ

131 3186 258 3274 τέχνης·
291 3197 436 3273 μιμεῖται
467 3188 529 3274 γάρ
562 3187 604 3254 οὐ
634 3188 696 3271 τὴν
727 3185 847 3272 τέχνην
874 3186 895 3269 ἡ
923 3187 1025 3271 φύσις
1057 3187 1139 3253 ἀλλὰ

221 3456 254 3504 16
274 3445 316 3504 ὅτι
334 3448 427 3505 deIevi
440 3451 449 3518 ΙΙ
462 3447 494 3505 τὸ
513 3445 591 3522 <ού>
604 3445 652 3504 διὰ
667 3448 778 3518 scripsit
792 3447 825 3514 K,
844 3447 892 3517 qui
910 3449 940 3502 et
957 3449 1028 3504 coni.
1044 3447 1076 3502 τὸ
1097 3445 1136 3502 δι’

132 3513 179 3588 οὖς
197 3527 228 3576 at
246 3521 279 3575 cf.
299 3538 332 3576 ex
350 3538 391 3591 gr.
409 3539 436 3590 p.
451 3525 494 3590 43,
510 3525 594 3588 νοω.
614 3525 658 3591 51,
673 3525 706 3575 16
716 3536 774 3587 sqq.

183 3620 317 3660 lmmom
329 3619 462 3661 Ριιοτυυετ.
963 3611 979 3656 4
