2674 3932
187 175 228 239 12
597 179 787 236 IAMBLIGHI

269 336 316 402 ‘H
330 336 367 404 δὲ
386 341 466 424 μετά
484 341 608 425 ταύτην
622 343 738 427 γνώμη
758 345 804 419 είς
819 344 1041 427 φυσιολογίαν
1060 351 1203 408 ποιεῖται

185 445 246 528 τὴν
260 445 467 530 παράκλησιν
489 445 544 511 καὶ
556 457 674 513 πᾶσαν
692 449 754 532 τὴν
772 446 847 534 περὶ
869 450 929 514 τὸν
950 448 1097 533 οὐρανὸν
1116 454 1203 514 θεω-

186 554 271 636 ρίαν.
316 551 337 635 ἡ
364 553 426 638 γάρ
449 553 571 618 τούτου
595 555 697 638 φύσις
720 554 774 620 άεί
794 554 884 621 ἐστιν
907 555 1006 638 ὁμοία
1033 555 1115 618 κατδι
1139 556 1202 639 τὴν

186 656 291 741 αὐτὴν
309 661 496 744 περιφοράν
516 645 673 736 ὡσαύτως
690 668 863 746 περιοῦσα,
885 661 929 744 ἣν
953 661 1010 726 ἐάν
1033 683 1083 738 τις
1105 683 1202 725 κατα-

158 763 289 849 εμάθγ,
314 760 384 828 οὔτ’
411 763 453 828 άν
477 763 708 849 άπροσδόκιγτά
730 788 809 832 ποτε
833 767 1104 853 προσδοκήσειεν,
1128 760 1199 831 οὔτ’

186 868 228 934 ἂν
257 867 435 953 άγνοήσειέ
464 892 495 934 τι
522 881 590 935 τών
617 867 689 936 κατ’
716 871 864 955 άνάγιιην
893 872 980 960 αὐτῷ
1009 874 1200 955 μελλόντων
1215 893 1229 932 ε
1245 891 1275 930 Α.

186 979 392 1060 συμβαίνειν.

276 1082 324 1146 Ac
350 1079 387 1147 δὲ
414 1080 467 1146 ἐπὶ
489 1084 620 1161 τούτοις
646 1096 776 1169 γνῶμαι
799 1085 862 1150 άπὸ
886 1094 944 1169 τῆς
970 1091 1203 1170 προαιρετικῆς

187 1187 224 1252 ἐν
247 1189 327 1271 ἡμίν
352 1191 434 1272 ζωῆς
456 1198 632 1255 ποιοῦνται
654 1192 715 1274 τὴν
738 1191 960 1277 παράκλησιν,
985 1184 1059 1256 οἷον

145 1334 173 1372 10
231 1312 344 1397 γνώσῃ
369 1306 400 1377 δ’
427 1312 629 1399 ἀνθρώπους
652 1313 836 1399 αὐθαίρετα
858 1312 979 1399 πήματ’
1008 1318 1143 1399 ἔχοντας

231 1420 404 1502 τλήμονας.

188 1543 219 1606 εί
244 1543 307 1627 γάρ
335 1540 433 1627 ἀρχαὶ
464 1552 532 1607 τῶν
559 1541 711 1628 πράξεών
739 1545 824 1608 εἰσιν
858 1544 893 1608 οί
922 1544 1112 1628 ἄνθρωποι,
1145 1541 1201 1607 καὶ
1217 1565 1284 1606 ccx.

188 1649 333 1731 δύναμιν
361 1650 496 1731 ἔχουσιν
524 1648 557 1727 ἐξ
586 1647 714 1714 ἑαυτῶν
744 1650 871 1714 οἰκείαν
899 1651 946 1725 είς
979 1641 1108 1734 αἵρεσιν
1134 1659 1203 1712 τών

187 1754 328 1837 ἀγαθῶν
350 1752 405 1819 καὶ
428 1755 543 1839 φυγὴν
565 1765 633 1820 τών
655 1767 778 1838 κακῶν,
803 1755 820 1820 ὁ
845 1757 888 1840 μὴ
912 1755 1081 1841 χρώμενος
1098 1756 1201 1840 ταύτῃ

145 1881 173 1921 15
187 1869 227 1945 τῇ
256 1861 396 1944 δυνάμει
423 1872 491 1926 τῶν
524 1861 697 1927 δοθέντων
729 1861 929 1944 ἐκφύσεως
965 1860 1054 1949 αὐτῷ
1085 1866 1203 1926 πλεον-

187 1967 377 2050 εκτημάτων
391 1955 500 2031 κἐστὶν
531 1966 673 2045 ἀνάξιος.
720 1963 821 2032 οὐδὲν
853 1962 916 2032 οὖν
948 1968 1028 2032 άλλο
1061 1967 1149 2052 λέγει
1181 1967 1201 2051 ἢ

186 2081 297 2154 τοῦτο,
319 2073 370 2136 ὅτι
387 2071 481 2155 ἡμεῖς
499 2074 557 2138 τὸν
578 2073 721 2157 δαίμονα
740 2073 939 2158 αἱρούμεθα,
962 2071 1018 2137 καὶ
1036 2074 1087 2138 ὅτι
1106 2071 1203 2139 αὐτοὶ

188 2175 318 2254 ἑαυτοῖς
345 2177 444 2263 ε’σμεν
472 2178 509 2243 ἐν
539 2179 639 2263 τύχης
666 2178 754 2257 τάξει
781 2177 837 2244 καὶ
866 2180 1039 2263 δαίμονος,
1068 2177 1124 2243 καὶ
1152 2180 1202 2244 ὅτι

188 2284 389 2368 εὐδαίμονας
423 2283 519 2351 αὐτοὶ
551 2283 690 2361 ἑαυτοὺς
728 2287 1032 2370 παρασκευάζομεν·
1070 2285 1087 2350 ὃ
1120 2286 1202 2370 πρὸς

145 2411 174 2450 20
188 2394 294 2475 μόνον
316 2393 354 2456 τὸ
382 2393 485 2457 καλὸν
508 2390 686 2477 προτρέπει
712 2390 768 2457 καὶ
798 2392 859 2475 τὴν
882 2392 1004 2458 τούτου
1031 2392 1130 2476 τιμὴν
1154 2387 1198 2456 δι’

188 2495 285 2562 ἑαυτὸ
310 2498 444 2584 αἱρετὴν
467 2497 682 2563 ἐπιδείκνυσι.

277 2605 499 2688 Παραπλήσια
524 2600 561 2668 ci
583 2604 690 2690 τούτῳ
713 2600 768 2667 καὶ
791 2603 832 2666 τά
853 2604 990 2667 τοιαῦτά
1013 2603 1118 2670 ἐστιν·

279 2799 311 2847 10
322 2810 361 2862 sq.
378 2793 467 2848 (λεια).
482 2791 547 2848 Ααι.
560 2812 605 2849 vv.
617 2798 652 2848 54
661 2811 701 2862 sq.
817 2850 822 2858 x

189 2903 402 2910 ——ss—

277 2976 294 3022 4
317 2971 468 3038 περιιοῦσα
491 2969 528 3022 A:
557 2971 724 3039 περιιοῦσαν
752 2971 797 3038 (cf.
821 2970 894 3025 Plci.
918 2973 1032 3028 Theact.
1057 2991 1083 3042 p.
1105 2979 1155 3028 153
1170 2973 1201 3044 G)

188 3041 427 3096 Hcmsterhuciusz
447 3042 493 3096 vel
506 3041 560 3095 hcc
573 3044 618 3095 vel
632 3041 724 3113 <καλ>
737 3038 810 3095 κατὰ
825 3043 967 3111 scripserit
975 3043 1008 3099 K.
1037 3045 1202 3099 servandam

189 3113 254 3166 duxi
274 3112 389 3166 atticam
408 3112 488 3166 verbi
506 3109 647 3180 περιίέναι
665 3111 798 3167 formam:
819 3113 853 3167 cf.
870 3113 988 3169 Voemel
1006 3117 1042 3169 cd
1057 3115 1200 3172 Demosth.

188 3183 228 3236 IV
245 3188 278 3237 10
298 3184 395 3250 (Thuc.
412 3189 436 3250 1,
451 3188 493 3248 30,
510 3190 533 3238 3.
558 3182 626 3238 Xen.
646 3183 719 3239 Hell.
739 3189 767 3251 3,
781 3189 806 3251 2,
821 3186 877 3252 25),
897 3183 1032 3254 Epicurus
1052 3204 1096 3255 ap.
1120 3187 1152 3240 D.
1172 3185 1201 3238 L.

189 3253 215 3307 X
231 3259 282 3308 114
296 3254 422 3322 (Usener,
442 3254 552 3323 Epicur.
568 3272 595 3322 p.
610 3258 654 3322 53,
670 3258 723 3323 17),
743 3255 772 3309 ελ
786 3253 957 3309 comicorum
973 3255 1029 3310 loci
1043 3274 1113 3325 quos
1128 3274 1202 3312 ccm-

189 3323 285 3412 μοεαίί
302 3323 398 3378 Iacchi
416 3325 445 3378 in
462 3324 557 3412 Indicc
576 3325 642 3413 dict.
663 3341 733 3381 com.
748 3344 776 3394 p.
791 3331 843 3380 832
863 3342 884 3381 ε.
899 3330 1067 3413 ,cucciaco
1080 3331 1119 3398 115
1139 3323 1201 3410 οὔτ’

189 3393 352 3520 μάλα
366 3395 703 3537 cccccccccc
726 3395 759 3522 ά
782 3399 943 3523 icccc
961 3397 1202 3540 λυαλεμῑ

188 3533 250 3589 πόν’
271 3536 319 3604 ΚΙΙ
334 3533 450 3607 αίρετὴν
469 3538 506 3592 A:
525 3532 638 3608 άρετὴν.

1319 1735 1325 1764 λ

1312 3195 1325 3358 i
