2670 3932
411 175 683 233 PROTREPTICUS
703 179 737 246 (ο.
752 177 837 246 XIV).
1090 178 1129 241 77

119 344 211 408 πόλει
233 342 312 417 τοὺς
330 337 600 423 σωθησομένους.
638 339 772 406 λεκτέον
791 335 853 405 οὖν
872 342 909 405 τὸ
929 340 1062 424 ἀληθές,
1083 341 1133 406 ὅτι

120 447 267 532 τοσούτῳ
305 448 431 529 μᾶλλόν
468 446 554 511 εἰσιν
589 437 655 510 οἷοι
692 447 753 510 οὐκ
790 452 933 530 οῖονται,
971 447 1022 511 ότι
1059 445 1133 531 οὐχὶ

122 561 261 620 ολόνται·
294 551 456 635 ἀγνοοῦσι
488 553 551 638 γάρ
580 554 696 636 ζημίαν
724 552 869 636 ἀδικίας,
902 552 919 617 ὃ
944 553 998 618 δεῖ
1017 554 1134 636 ήκιστα

38 694 73 734 ωε
82 689 110 728 K.
125 659 267 742 ἀγνοεῖν.
315 657 356 724 οῦ
383 659 447 743 γάρ
480 657 570 723 ἐστιν
601 658 644 741 ἣν
677 659 828 742 δοκοῦσι,
861 663 986 744 πληγαί
1014 684 1048 725 τε
1079 657 1135 724 καὶ

123 767 278 849 θάνατοι,
302 760 350 831 ὧν
369 764 475 830 ἐνίοτε
497 765 684 850 πάσχουσιν
703 763 805 831 οὐδὲν
824 767 1027 850 ἀδικοῦντες,
1052 765 1162 832 ἀλλάε

123 875 165 957 ἣν
198 872 367 938 ἀδύνατον
400 870 567 955 ἐκφυγεῖν.
612 874 889 958 παραδειγμάτων
925 876 988 959 γάρ
1022 871 1059 938 ἐν
1090 881 1135 960 τῷ

125 983 196 1046 όντι
219 979 381 1061 ἑστώτων,
404 987 466 1043 τοῦ
484 975 545 1061 μὲν
563 981 663 1044 θείου
687 979 998 1064 εὐδαιμονεστάτου,
1020 988 1081 1044 τοῦ
1101 975 1138 1044 δὲ

126 1084 275 1171 <ἀθέου>
308 1083 533 1167 ἀθλιωτάτου,
571 1085 632 1168 οὐχ
665 1085 807 1171 ὁρῶντες
839 1087 890 1151 ότι
927 1087 1031 1163 οὕτως
1064 1089 1138 1169 ἔχει,

127 1191 193 1256 ὑπὸ
212 1192 423 1274 η’λιθιότητός
441 1215 477 1256 τε
494 1189 550 1256 καὶ
567 1201 625 1275 τῆς
644 1192 782 1277 ἐσχάτης
796 1193 911 1270 ἀνοίας
930 1194 1140 1258 λανθάνουσι

127 1304 173 1386 τςῦ
197 1292 258 1381 μὲν
281 1297 496 1382 ὁμοιούμευοι
524 1300 580 1362 διά
606 1300 664 1376 τάς
692 1299 828 1377 ἀδίκους
850 1299 998 1386 πράξεις,
1028 1307 1073 1388 τῷ
1103 1295 1140 1365 δὲ
1155 1321 1181 1360 ιο

129 1403 395 1492 ἀυομμιούμενοι.
434 1400 475 1469 οὗ
495 1405 536 1487 δή
555 1407 687 1471 τίνουσι
707 1406 804 1491 δίκην
824 1410 940 1485 ζῶντες
957 1407 1016 1472 τὸν
1031 1407 1140 1472 είκότα

130 1513 205 1595 βίου
229 1501 255 1599 ᾧ
275 1511 471 1596 ῶμσιοῦντο.
514 1511 572 1578 έάν
591 1509 629 1578 δὲ
648 1518 791 1597 εἴπωμεν
810 1514 870 1594 ὅτι,
894 1512 953 1578 έάν
971 1514 1015 1598 μή
1039 1511 1141 1576 ἀπαλ-

130 1621 256 1700 λαγῶσι
292 1625 350 1700 τῆς
371 1618 593 1702 δεινότητος,
634 1616 689 1684 καὶ
725 1622 984 1702 τελευτήσαντας
1020 1618 1142 1694 αὐτοὺς

54 1752 115 1794 οτι.
129 1723 255 1802 ἐκεῖνος
282 1721 344 1808 μὲν
367 1724 476 1790 ὁτῶν
498 1737 609 1790 κακῶν
631 1727 781 1811 καθαρὸς
808 1728 908 1804 τόπος
936 1725 977 1790 οὐ
1005 1722 1142 1807 δέξεται,

130 1829 255 1896 ἐνθάδε
288 1828 326 1897 δὲ
356 1834 418 1916 τήν
451 1833 564 1911 αὑτοῖς
596 1832 773 1918 ὁμοιότητα
805 1842 862 1916 τῆς
895 1834 1061 1916 διαγωγῆς
1093 1827 1143 1895 ἀεὶ
1158 1851 1184 1891 ιτ

131 1936 258 2022 ἕξουσι,
286 1937 383 2004 κακοὶ
409 1949 523 2017 κακοῖς
551 1939 721 2024 ξυνόντες,
748 1948 850 2005 ταῦτα
880 1940 920 2023 δή
944 1935 1000 2003 καὶ
1022 1937 1145 2002 παντά-

132 2061 236 2110 πασιν
258 2046 303 2122 ὡς
327 2043 433 2111 δεινοὶ
455 2044 511 2112 καί
533 2056 720 2132 πανοῦργοι
748 2047 900 2130 ἀνοήτων
922 2056 1025 2111 τινῶν
1047 2043 1146 2109 ἀκού-

62 2191 63 2194 =
133 2167 260 2236 σονται,
279 2150 334 2218 καὶ
352 2153 439 2237 μάλα
458 2154 500 2236 δή
519 2152 707 2238 ὑπέρογκον
725 2162 940 2239 φρονοῦντες.
977 2153 1015 2216 ἓν
1032 2148 1146 2235 μέντοι

132 2281 165 2321 τι
193 2258 306 2334 αὐτοῖς
338 2257 561 2342 συμβέβηκεν,
594 2247 674 2323 όταν
709 2261 778 2345 ἰδίᾳ
809 2261 913 2342 λόγου
940 2257 998 2344 δέη
1028 2258 1150 2322 δοῦναί

133 2387 169 2430 τε
200 2362 256 2429 καὶ
286 2363 447 2442 δέξασθαι
479 2363 554 2451 περὶ
585 2359 633 2430 ὧν
664 2363 821 2447 ψέγουσι,
853 2363 908 2430 καλ
941 2364 1147 2449 ἐθελήσωσιν
1162 2382 1188 2422 ιο

134 2470 300 2554 ἀνδρικῶς
326 2473 435 2537 πολὺν
463 2473 589 2556 χρόνον
614 2470 792 2555 ὑπομεῖναι
818 2468 874 2536 καὶ
902 2472 945 2556 μή
974 2471 1148 2556 ἀνάνδρως

134 2577 289 2660 φεύγειν,
326 2579 400 2642 τότε
436 2577 566 2656 ἀτόπως
600 2583 816 2655 τελευτῶντες
852 2577 914 2643 οὐκ
950 2577 1149 2663 ἀρέσκουσιν

43 2713 82 2751 ωε
90 2709 119 2752 K.
136 2681 233 2748 αὐτοὶ
256 2683 370 2760 αὑτοῖς
392 2681 467 2769 περὶ
491 2679 538 2750 ὧν
562 2683 711 2768 λέγουσι,
736 2682 792 2750 καὶ
814 2684 835 2768 ή
859 2684 1017 2769 ῥητορική
1041 2683 1148 2766 ἐκείνη

135 2811 207 2866 πως
235 2790 509 2876 ἀπομαραίνεται,
537 2793 620 2857 ὥστε
647 2794 778 2858 παίδων
804 2793 919 2857 δοκεῖν
946 2787 1051 2877 μηδὲν
1080 2792 1150 2856 δια-

137 2894 263 2982 φέρειν.
309 2898 341 2962 εί
357 2897 400 2980 δή
421 2905 524 2961 ταῦτα
543 2897 649 2974 οὕτως
667 2901 743 2982 ἔχει,
767 2896 822 2962 καὶ
845 2898 863 2964 δ
886 2901 959 2981 βίος
982 2897 1152 2981 θειότερός
1165 2914 1191 2955 ω

137 3026 173 3067 τε
202 2996 288 3068 εἶναι
313 3000 368 3069 καὶ
397 3003 692 3090 εὐδαιμονέστερος
718 3008 871 3088 φαίνεται
896 3013 963 3066 τῶν
992 3000 1029 3066 έν
1056 3006 1151 3084 φιλο-

139 3111 245 3196 σοφίᾳ
273 3110 475 3193 διαγόντων,
509 3106 610 3174 οὐδὲν
637 3111 717 3174 ἀλλο
745 3110 807 3196 χρή
830 3109 986 3192 πράττειν
1013 3106 1033 3191 ή
1057 3112 1152 3191 φιλο-

140 3217 262 3298 σοφίας
284 3213 590 3300 ἀντιλαμβάνεσθαι
611 3219 781 3299 γενναίως.

232 3415 247 3464 8
267 3404 360 3464 ἀθέου
379 3426 413 3464 ex
426 3409 448 3462 P
464 3409 575 3465 addidit
588 3411 612 3464 A
626 3413 635 3481 ΙΙ
651 3415 682 3464 11
698 3411 804 3464 τίνουσι
818 3407 878 3462 PA:
897 3410 1020 3464 τείνουσι
1033 3410 1042 3477 ΙΙ
1058 3413 1090 3463 15
1104 3404 1153 3464 αῦ·

141 3485 200 3542 τοῖς
213 3482 223 3549 ΙΙ
239 3485 271 3533 19
290 3475 372 3551 ὅταν]
392 3475 435 3536 ὅτι
454 3474 490 3534 ἀν
509 3481 564 3546 ΡΑ,
584 3484 614 3536 at
633 3482 667 3535 cf.
684 3481 812 3536 Schanzii
830 3480 893 3535 adn.
911 3479 970 3534 crit.
986 3479 1023 3534 ad
1038 3482 1153 3536 Theaet.

142 3569 170 3620 p.
187 3551 268 3605 1⁷7ss
283 3557 339 3623 11λο
359 3549 533 3619 ἐθελήσωσιν
552 3552 611 3608 PA:
632 3549 816 3619 ἐθελήσουσιν
830 3554 840 3620 ΙΙ
854 3556 895 3605 24
906 3552 974 3614 πῶς.
