2674 3932
166 183 209 248 24
578 181 766 237 IAMBLICHI

166 345 306 428 μάλιστα
343 343 473 428 ἐκείνην
506 345 568 427 τήν
605 343 788 427 ἐπιστήμην
823 345 1026 426 κτήσασθαι,
1063 337 1107 407 δι’
1139 337 1178 424 ής

167 452 310 516 άτενίσει
329 472 378 526 τις
396 450 499 514 αὐτὸν
517 451 669 535 καθαρὸν
683 447 738 514 καὶ
758 447 801 513 δι’
820 444 859 531 ής
872 454 1030 514 πλατεῖαν
1045 445 1179 532 εὑρήσει

167 558 228 639 τήν
246 558 329 640 πρὸς
348 557 450 622 αὐτὸν
468 559 607 642 πορείαν
625 555 681 620 καί
700 553 743 620 δι’
764 551 804 638 ής
821 557 861 620 τά
879 554 955 639 τέλη
975 566 1046 632 ταῖς
1065 555 1180 639 ἀρχαῖς

168 663 319 740 συνάψει.
364 662 543 745 τελεωτάτη
575 664 639 744 γάρ
669 662 689 745 ή
718 662 853 744 τοιαύτη
888 662 950 744 ζωή
983 658 1038 726 καὶ
1070 660 1180 725 εὐδαι-

141 771 283 852 5μονία,
322 767 431 833 οὐκέτι
469 768 695 852 διωρισμένως
731 769 771 833 τά
806 772 977 833 τελευταῖα
1014 767 1076 832 άπὸ
1112 777 1180 831 τῶν

168 876 309 960 πρώτων
342 876 575 957 διακρίνουσα,
612 872 683 940 ἀλλ’
720 875 767 951 είς
799 875 836 939 ἓν
868 875 908 938 τά
945 875 1180 957 συναμφότερα

168 990 271 1046 ταῦτα
295 984 507 1064 συλλαβοῦσα
531 979 632 1064 άρχάς
649 1003 685 1046 τε
707 979 762 1045 καὶ
785 979 878 1056 τέλος
896 977 950 1045 καὶ
974 977 1076 1064 μέσον
1096 977 1181 1061 ὁμοῦ

169 1086 363 1172 συνέχουσα.
410 1087 546 1168 τοιαύτη
574 1086 637 1172 γάρ
667 1086 757 1151 ἐστιν
780 1085 801 1169 ή
824 1089 903 1151 θεία
931 1087 1034 1167 αἰτία,
1064 1079 1103 1168 ής
1132 1085 1183 1149 δεῖ

57 1273 60 1282 γ
170 1192 367 1277 ἀντέχεσθαι
389 1196 469 1269 τοὺς
492 1190 673 1285 μέλλοντας
696 1192 963 1277 εὐδαιμονήσειν.
1010 1190 1096 1256 οὕτω
1121 1186 1182 1273 μέν

131 1317 156 1356 10
171 1293 233 1364 οὖν
256 1299 276 1382 ή
299 1299 470 1384 προτροπή
498 1300 553 1362 διὰ
580 1298 714 1380 πάντων
743 1297 961 1375 διεξελθοῦσα
988 1306 1056 1361 τῶν
1083 1319 1117 1361 τε
1146 1295 1183 1360 έν
1196 1314 1258 1354 ⁶411.

137 1446 140 1451 -
170 1404 250 1488 ἡμῖν
269 1403 409 1470 καὶτῶν
428 1404 466 1469 έν
483 1413 522 1488 τῇ
542 1405 643 1489 φύσει
661 1402 716 1470 καί
739 1405 784 1480 ὡς
804 1407 880 1481 ἔπος
903 1405 1008 1468 εἰπεῖν
1028 1403 1083 1466 διά
1101 1403 1183 1466 πάν-

169 1533 237 1596 των
256 1522 322 1576 τῶν
341 1513 461 1592 ὄντων,
486 1511 819 1593 συνεκεφαλαιώσατο
838 1509 944 1584 πάσας
961 1511 1019 1585 τάς
1038 1508 1183 1592 ἐφόδους
1196 1525 1258 1566 22A.

172 1618 218 1693 είς
240 1620 320 1700 μίαν
343 1617 404 1699 τήν
428 1615 480 1704 ἐπὶ
503 1617 563 1682 τὸν
586 1617 670 1681 θεὸν
693 1615 885 1698 ἀνήκουσαν
911 1614 1097 1698 ἀναγωγήν.

261 1723 300 1788 V.
324 1728 387 1787 Δεῖ
410 1720 447 1788 δὲ
465 1724 583 1788 λοιπὸν
602 1723 717 1798 αὐταῖς
735 1732 806 1797 ταῖς
825 1727 1080 1807 Πυθαγορικαῖς
1099 1721 1184 1784 διαι-

52 1835 53 1840 ’
133 1827 283 1915 15ρέσεσι
315 1835 549 1915 προσχρῆσθαι
583 1829 631 1904 είς
666 1829 704 1892 τὸ
740 1827 949 1913 προτρέπειν.
994 1827 1084 1892 πάνυ
1120 1827 1184 1910 γάρ

164 1935 331 2018 Ιέντρεχῶς
358 1933 413 1999 καί
444 1937 631 1999 τελειότατα
668 1931 722 1997 καί
754 1935 838 2018 πρὸς
869 1935 926 2010 τδις
958 1934 1059 2009 άλλας
1088 1937 1183 2017 φιλο-

173 2044 294 2125 σοφίας
307 2039 554 2124 ἐξηλλαγμένως
569 2040 604 2103 οί
614 2040 696 2103 κατά
710 2039 810 2121 τήνδε
823 2040 885 2122 τήν
900 2039 1029 2124 αἵρεσιν
1044 2035 1185 2123 διῄρουν

173 2146 327 2230 ἑπόμενοι
350 2156 422 2221 ταῖς
441 2144 570 2210 ἐκείνου
586 2146 814 2221 διδασκαλίαις
831 2146 891 2209 τὸν
910 2147 957 2221 είς
975 2148 1185 2231 παρόρμησιν

173 2252 226 2318 ἐπὶ
249 2255 454 2337 φιλοσοφίαν
478 2254 594 2334 λόγον,
623 2251 816 2335 εὐμηχάνως
845 2252 1109 2335 έπιρρωννόντες
1130 2249 1186 2314 καὶ

133 2376 159 2416 20
173 2359 387 2442 πιστούμενοι
402 2357 610 2436 ἀποδείξεσιν
620 2357 975 2442 ἐπιστημονικωτάταις
988 2354 1092 2442 μηδὲν
1107 2355 1189 2422 άνα-

173 2469 343 2531 κόλουθον
367 2465 643 2547 συναχαχοόσαις.
690 2462 754 2537 είσί
779 2461 1003 2530 δὲτοιαῦται·
1135 2471 1138 2478 ’

263 2571 391 2648 Πάντες
414 2572 590 2655 ἅνθρωποι
613 2573 808 2653 βουλόμεθα
831 2564 1063 2654 εὖπράττειν,
1087 2565 1125 2634 εὖ
1149 2566 1186 2635 δὲ

173 2679 373 2762 πράττομεν,
398 2678 429 2741 εί
454 2676 534 2760 ήμῖν
561 2677 668 2740 πολλά
695 2674 807 2758 άγαθά
834 2679 962 2760 παρείη.
1009 2675 1120 2757 άχαθά
1149 2672 1186 2741 δὲ

174 2787 214 2849 τά
245 2783 306 2876 μέν
343 2782 411 2848 ἐστι
447 2784 530 2847 κατά
562 2793 670 2866 σῶμα,
709 2782 792 2846 ὥστε
829 2782 950 2858 ίκανῶς
987 2773 1080 2846 αὐτὸΙ
1103 2803 1186 2865 παρ-

134 2908 160 2948 25
175 2888 375 2954 εσκευάσθαι
412 2890 494 2974 πρὸς
534 2888 595 2970 τήν
632 2888 714 2952 κατά
750 2886 855 2970 φύσιν
892 2891 1095 2973 συμμετρίαν
1130 2886 1186 2954 καὶ
1200 2906 1262 2947 δεῖ.

174 3003 293 3081 κρᾶσιν
315 2992 371 3060 καὶ
394 2992 523 3079 ῥώμην·
550 2994 591 3057 τά
615 2989 652 3058 δὲ
675 2984 712 3056 έν
735 3003 804 3068 τοῖς
827 2992 933 3075 ἐκτός,
962 2995 1072 3079 ὥσπερ
1096 2993 1187 3078 εὐχέ-

174 3126 262 3168 νειαι
288 3099 343 3166 καί
371 3101 530 3185 δυνάμεις
555 3097 609 3164 καὶ
640 3095 731 3182 τιμαί
759 3098 796 3163 ἐν
823 3107 862 3183 τή
891 3097 1011 3164 ἑαυτοῦ
1039 3101 1186 3186 πατρίδι·

264 3299 306 3347 ιε.
327 3312 353 3362 p.
373 3297 446 3362 τηε
466 3291 500 3347 ιι.
520 3290 591 3347 Plat.
612 3289 733 3360 Euthyd.
752 3308 799 3359 pp.
819 3291 988 3346 ετεΕ-εεο
998 3291 1029 3346 Β.

266 3469 365 3524 Most.
385 3489 426 3532 τις
439 3467 522 3540 (είς)
536 3470 545 3536 ss
561 3473 593 3522 16
612 3443 745 3536 τελειάηή
765 3473 796 3520 19
817 3463 1022 3536 ε’πιρωννάντες
1040 3470 1049 3537 ΙΙ
1068 3474 1102 3520 24
1120 3468 1185 3522 forb.

177 3538 249 3595 κατά
269 3536 342 3612 (τὸ)
362 3541 442 3609 σῶμα
462 3538 619 3594 01.Plat.1.
639 3556 661 3593 ο.
681 3555 707 3606 p.
728 3543 779 3592 279
787 3538 819 3590 A.
839 3591 858 3612 Ι,
