2670 3932
156 192 221 257 110
360 251 362 256 f
568 188 758 246 IAMBLIOHI

155 357 258 438 βολον
291 354 567 440 διαπράττεσθαι,
600 352 683 418 ἀλλά
713 349 769 418 καὶ
803 349 856 418 ἐπὶ
883 362 952 417 τῶν
980 360 1038 435 τῆς
1065 361 1172 436 ψυχῆς

155 462 342 546 ἐνεργειῶν,
365 459 410 537 ὡς
433 463 513 545 μήτε
531 459 597 525 ὑπὸ
616 465 738 524 παθῶν
757 458 859 535 αύτδις
876 456 1074 542 κατέχεσθαι
1092 461 1172 542 μήτε

154 568 219 634 ὑπὸ
246 574 304 649 τῆς
331 575 392 633 τοῦ
418 566 569 650 σώματος
597 565 774 642 ἀσθενείας
801 567 881 650 μήτε
908 564 973 631 ὑπὸ
1004 574 1060 650 τῆς
1082 586 1173 651 περι-

154 675 340 758 πεφυκυίας
367 671 494 750 ἔξωθεν
520 672 601 757 ἡμῖν
635 671 810 756 γενέσεως,
843 671 965 736 εύλυτα
997 669 1034 737 δέ
1066 672 1173 737 πάντα

128 782 242 864 οέχειυ
264 776 320 844 καὶ
343 777 456 864 ἕτοιμα
479 780 563 866 πρὸς
585 780 647 864 τήν
671 781 851 863 μετουσίαν
874 790 942 843 τῶν
964 785 1066 845 θεῶν.

243 883 311 950 Καὶ
333 886 414 950 ἀλλο
439 883 479 950 δέ
499 908 531 950 τι
552 887 684 963 τούτοις
712 885 830 969 ὅμοιον
856 885 902 961 είς
925 885 986 967 τήν
1010 884 1115 967 αύτήν
1137 907 1171 949 τε

101 995 140 1052 κε’
156 993 278 1077 ἀρετήν
303 990 492 1077 προτρέπον
520 991 589 1058 ἐστὶ
616 994 653 1058 τὸ
681 997 837 1058 ’τοιοῦτον
867 992 1053 1076 σύμβολον·
1083 989 1172 1077 περὶ

154 1105 259 1164 θεῶν
295 1095 418 1182 μηδὲν
458 1100 692 1184 θαυμαστὸν
735 1097 904 1181 ἀπίστει,
946 1094 1043 1182 μηδὲ
1083 1095 1171 1182 περὶ

154 1205 276 1270 θείων
296 1205 511 1289 δογμάτων.
552 1205 673 1281 ίκανῶς
691 1206 755 1289 γδρ
774 1205 811 1268 τὸ
832 1205 939 1288 δόγμα
957 1213 1056 1270 τοῦτο
1076 1206 1171 1287 σεβα-

115 1327 141 1367 10
155 1311 269 1374 στικὸν
296 1309 438 1396 ὑπάρχει
460 1310 516 1376 καλ
544 1311 748 1396 ἐμφαντικὸν
775 1319 833 1394 τῆς
860 1321 928 1376 τῶν
952 1316 1045 1376 θεῶν
1073 1310 1171 1395 ὑπερ-

155 1424 246 1501 οχής,
276 1415 453 1502 ἐφοδιάζον
478 1417 563 1502 ήμᾶς
585 1416 639 1483 καὶ
663 1418 916 1503 ὑπομιμνήσκον
940 1417 990 1482 ὅτι
1019 1417 1079 1482 οὐκ
1107 1417 1171 1480 ἀπὸ

153 1531 211 1605 τῆς
233 1522 328 1606 ήμῶν
347 1523 458 1590 αὐτῶν
477 1527 680 1609 συγκρίσεως
698 1526 760 1609 χρή
781 1526 1017 1610 τεκμαίρεσθαι
1036 1521 1091 1590 καὶ
1109 1524 1170 1607 τήν
1185 1537 1258 1582 1³⁷A·

153 1632 252 1695 θείαν
277 1631 437 1716 δύναμιν,
466 1629 538 1697 ἀλλ’
564 1631 644 1716 ἡμῖν
672 1628 733 1715 μέν
760 1631 816 1696 ἀτε
845 1640 1045 1715 σωματικοῖς
1067 1630 1169 1714 ὑπάρ-

152 1752 250 1820 χουσι
273 1747 424 1822 γενητοῖς
445 1760 482 1802 τε
504 1734 559 1802 καὶ
583 1744 750 1823 φθαρτοῖς
767 1735 822 1803 καὶ
840 1737 1065 1822 προσκαίροις,
1089 1735 1169 1800 ὑπο-

114 1861 139 1900 15
153 1843 317 1929 κειμένοις
339 1867 374 1908 τε
397 1846 509 1910 νόσων
532 1847 680 1930 ποικιλία
707 1842 761 1910 καὶ
789 1845 891 1927 ὄγκου
919 1845 1090 1930 μικρότητι
1113 1840 1169 1908 καλ

153 1960 210 2034 τῆς
233 1949 286 2016 ἐπί
308 1951 346 2015 τδ
370 1947 472 2034 μέσον
494 1959 602 2035 φορᾶς
622 1958 662 2034 τῇ
690 1953 829 2036 βαρήσει
855 1947 911 2015 καὶ
938 1949 1091 2036 ύπνωδίηι
1113 1947 1168 2014 καὶ
1182 1964 1258 2008 ³261<-

153 2056 265 2142 ἐνδείᾳ
296 2053 351 2121 καὶ
382 2055 579 2143 πλεονασμῷ
612 2054 754 2143 ἀβουλίᾳ
780 2080 815 2121 τε
843 2054 898 2122 καὶ
926 2055 1086 2143 ἀσθενείᾳ
1115 2053 1171 2121 καὶ

153 2170 261 2246 ψυχῆς
286 2163 527 2250 παραποδισμῷ
556 2159 611 2228 καὶ
642 2172 712 2240 τοῖς
743 2164 871 2247 ἀλλοις,
905 2163 991 2240 εἰκὸς
1019 2162 1171 2247 ἀμήχανα

152 2267 306 2334 τινακαὶ
329 2268 477 2333 ἀδύνατα
498 2268 668 2354 ὑπάρχειν.
714 2272 823 2335 καίτοι
842 2271 949 2335 πολλά
972 2269 1059 2335 ούτω
1082 2271 1171 2352 παρὰ

114 2391 140 2432 2⁰
153 2383 211 2460 τῆς
239 2376 372 2460 φύσεως
398 2377 517 2462 ἐχομεν
545 2375 708 2462 ἐξαίρετα,
742 2373 813 2441 ἀλλ’
846 2376 935 2460 ὅμως
965 2376 1071 2460 πάντη
1103 2386 1170 2440 των

153 2487 244 2548 θεῶν
264 2482 525 2567 ἀπολειπόμεθα,
547 2481 603 2548 καλ
625 2484 701 2547 οὔτε
721 2483 866 2568 δύναμιν
883 2484 946 2566 τήν
965 2483 1070 2566 αὐτὴν
1093 2482 1171 2547 ούτε

153 2586 273 2672 ἀρετήν
301 2595 378 2673 ίσην
405 2590 488 2674 πρὸς
515 2588 637 2664 αὐτοὺς
661 2591 788 2672 ἔχομεν.
833 2599 961 2672 γνῶσιν
989 2585 1052 2654 οὖν
1079 2595 1171 2654 θεῶν

153 2695 380 2779 διαφερόντως
406 2704 506 2760 τοῦτο
535 2695 728 2778 εἰσηγεῖται,
761 2694 806 2772 ὡς
837 2695 944 2761 πάντα
972 2695 1170 2780 δυναμένων

152 2800 273 2865 αὐτῶν.
319 2801 374 2864 διδ
396 2808 495 2866 τούτο
519 2800 561 2883 δή
585 2794 648 2865 οὖν
676 2798 752 2886 περὶ
775 2807 867 2867 θεῶν
891 2799 997 2886 μηδὲν
1020 2801 1170 2867 ἀπιστεῖν

112 2923 138 2964 ω
151 2904 380 2990 παραγγέλλει.
424 2909 614 2993 πρόσκειται
640 2903 677 2972 δέ
700 2904 798 2992 μηδὲ
820 2906 910 2994 περὶ
932 2911 1055 2974 θείων
1081 2909 1170 2990 δογ-

151 3012 297 3097 μα’των,
329 3023 397 3078 τῶν
424 3021 464 3098 τῇ
492 3017 715 3097 Πυθαγορική
744 3018 930 3101 φιλοσοφίᾳ
963 3015 1169 3080 δοκούντων·

150 3129 253 3185 ταῦτα
280 3121 343 3204 γὰρ
371 3119 436 3185 ὑπὸ
466 3119 675 3205 μαθημάτων
701 3118 758 3186 καὶ
785 3120 1003 3206 ἐπιστήμονος
1024 3122 1170 3205 θεωρίας

151 3225 380 3316 ήσφαλισμένα
418 3225 529 3309 ἀληθῆ
565 3223 621 3290 καί
659 3226 865 3305 ἀδιάύευστα
901 3230 987 3311 μόνα
1018 3227 1169 3311 ύπάρχει,

151 3351 298 3360 m*
304 3353 363 3360 -0--2

224 3424 239 3470 6
258 3417 378 3472 fortasse
391 3415 510 3480 τούτους
523 3413 601 3491 (θ’)
615 3421 624 3489 ΙΙ
638 3425 653 3474 7
675 3416 729 3491 κε’]
748 3421 790 3475 ita
805 3419 900 3476 codex.
934 3420 968 3475 cf.
982 3418 1056 3473 infra
1069 3437 1096 3488 p.
1108 3423 1169 3483 121,

151 3491 238 3555 4sqq.
252 3490 262 3554 1]
277 3494 310 3542 10
331 3483 519 3560 ἐμφαντικὸν]
540 3487 580 3544 sic
599 3491 668 3558 (non
688 3485 882 3560 ἐκφαντικδν),
904 3491 938 3547 οἰ.
959 3489 1015 3545 vit.
1035 3489 1118 3558 Pyth.
1134 3494 1167 3544 67

151 3558 189 3625 (p.
206 3562 248 3623 48,
264 3558 358 3626 2Nk.)
372 3561 381 3626 ΙΙ
396 3565 430 3612 14
448 3565 601 3627 γεννητοῖς.
