2674 3932
185 163 230 226 50
594 158 783 214 IAMBLICHI

184 321 267 404 αὐτὴ
300 320 360 404 τὴν
390 321 510 404 φύσιν,
542 317 597 386 καλ
629 321 719 384 ἔστιν
751 317 804 384 ἐπὶ
831 327 876 406 τῷ
905 323 1046 404 βοηθεῖν
1073 319 1129 386 καὶ
1155 323 1197 386 τά

183 428 452 510 παραλειπόμενα
475 433 533 508 της
555 425 688 509 φύσεως
711 424 935 509 ἀναπληροῦν.
981 427 1021 490 τά
1049 423 1196 510 μὲνγὰρ

185 537 294 600 ἔοικεν
317 529 401 615 αὐτη
426 532 595 596 δύνασθαι
618 527 662 595 δι’
685 529 786 613 αὑτῆς
803 529 824 613 ἡ
843 531 945 615 φύσις
963 530 1124 596 ἐπιτελεῖν
1142 530 1198 598 καὶ

185 640 347 723 βοηθείας
378 633 479 703 οὐδὲν
507 637 656 718 δεῖσθαι,
688 637 730 701 τά
761 634 798 701 δὲ
828 639 923 721 μόλις
949 635 1004 702 καὶ
1030 644 1198 716 παντελῶς

159 745 381 827 εάδυνατεῖν,
415 734 488 808 οἷον
516 741 632 806 αὐτίκα
660 739 716 806 καὶ
745 739 821 828 περὶ
849 744 907 820 τάς
932 743 1092 827 γενέσεις·
1125 747 1198 809 ἔνια
1211 760 1274 802 ὅτε.

187 849 249 937 μὲν
278 852 385 934 δήπου
415 857 482 911 τῶν
510 847 707 931 σπερμάτων
734 848 781 924 είς
813 847 932 912 ὁποίαν
961 847 1046 934 <δν>
1073 847 1197 935 έμπέση

188 967 251 1042 γῆν
274 957 355 1020 ἄνευ
378 956 528 1038 φυλακῆς
550 964 730 1037 γεννῶσιν,
761 956 834 1018 ἔνια
862 949 899 1018 δὲ
925 955 1119 1037 προσδεῖται
1140 963 1199 1038 της

187 1068 369 1146 χεωργιιιης
390 1057 521 1143 τέχνης·
548 1061 784 1146 παραπλησίως
813 1056 849 1124 δέ
874 1056 1019 1125 καὶτῶν
1044 1058 1136 1148 ζῴων
1158 1062 1199 1126 τά

187 1165 249 1252 μὲν
277 1163 323 1231 δι’
351 1165 461 1231 αὑτῶν
489 1166 621 1230 άπασαν
649 1165 875 1250 ἀπολαμβάνει
901 1167 963 1250 την
991 1167 1111 1251 φύσιν,
1141 1167 1198 1232 άν-

148 1296 174 1335 10
187 1279 325 1359 θρωπος
349 1269 385 1338 δέ
407 1276 541 1337 πολλῶν
561 1273 666 1336 δεῖται
687 1281 814 1356 τεχνῶν
832 1273 915 1358 πρὸς
934 1276 1101 1359 σωτηρίαν
1119 1273 1201 1337 κατά

187 1402 222 1444 τε
244 1380 307 1462 τὴν
329 1379 465 1465 πρώτην
492 1376 624 1462 γένεσιν
651 1374 707 1442 καὶ
736 1378 836 1443 πάλιν
863 1381 945 1443 κατὰ
973 1381 1036 1463 τὴν
1058 1377 1201 1462 ὑστέραν

187 1486 327 1570 τροφήν.
373 1484 404 1548 εί
431 1486 549 1548 τοίνυν
572 1482 592 1566 ἡ
615 1481 712 1568 τέχνη
737 1493 880 1567 μιμεῖται
902 1485 964 1567 τὴν
986 1486 1106 1569 φύσιν,
1136 1483 1200 1548 άπὸ

188 1592 309 1673 ταύτης
336 1589 544 1672 ἠκολούθηκε
572 1587 627 1654 καλ
654 1599 732 1666 ταῖς
757 1587 887 1674 τέχναις
916 1591 954 1655 τὸ
980 1591 1042 1675 την
1069 1588 1201 1673 γένεσιν

189 1697 323 1761 άπασαν
352 1693 447 1759 ἕνεκά
475 1717 535 1760 του
562 1697 749 1778 γίγνεσθαι.
793 1696 831 1759 τὸ
859 1697 922 1781 γάρ
950 1694 1062 1778 ὀρθῶς
1089 1697 1203 1779 γιγνό-

151 1825 177 1866 15
192 1825 295 1886 μενον
318 1801 407 1866 άπαν
431 1799 527 1865 ἕνεκά
549 1823 610 1866 του
629 1804 807 1884 γίγνεσθαι
826 1802 966 1884 θείημεν
984 1801 1034 1865 άν.
1077 1801 1202 1866 οὐκοῦν

191 1911 229 1973 τό
252 1931 290 1991 χε
308 1912 426 1989 καλῶς,
451 1907 576 1992 ὀρθῶς·
598 1906 654 1971 καλ
676 1907 714 1970 τὸ
738 1902 799 1990 μὲν
821 1909 1021 1991 γιγνόμενον
1043 1908 1202 1990 γίγνεται,

190 2013 309 2098 γέγονε
338 2009 374 2078 δὲ
401 2013 438 2077 τὸ
472 2013 610 2096 γεγονὸς
636 2014 674 2076 τό
701 2035 739 2095 γε
771 2013 837 2096 μὴν
869 2014 950 2077 κατά
982 2013 1087 2098 φύσιν
1114 2013 1203 2078 άπαν

189 2124 313 2202 καλῶς,
346 2123 437 2203 εἴπερ
470 2118 506 2182 τὸ
539 2118 627 2202 παρά
659 2117 763 2200 φύσιν
796 2121 928 2201 φαῦλον
955 2116 1010 2183 καὶ
1041 2127 1087 2206 τῷ
1119 2119 1201 2184 κατά
1216 2139 1293 2182 ιιιιτ.

192 2227 297 2309 φύσιν
311 2247 383 2286 τε*
398 2222 527 2308 γένεσις
549 2222 645 2288 ἕνεκά
667 2245 727 2288 του
745 2225 903 2306 γίγνεται.
944 2221 1115 2289 καὶτοῦτο
1136 2226 1203 2290 ίδοι

152 2352 179 2392 ιο
192 2356 242 2408 τις
265 2329 306 2395 dv
333 2329 389 2394 καὶ
417 2324 475 2414 ἀφ’
502 2328 642 2396 ἑκάστου
664 2339 731 2394 τῶν
755 2328 791 2395 έν
820 2328 900 2414 ἡμῖν
923 2338 1044 2415 μερῶν·
1078 2323 1151 2396 οἷον
1175 2333 1206 2394 εί

192 2447 368 2514 κατανοοδς
395 2438 432 2502 τὸ
455 2434 643 2523 βλέφαρον,
671 2436 758 2512 ίδοις
785 2433 827 2500 άν
850 2434 895 2511 ὡς
922 2435 963 2499 οὐ
990 2435 1097 2520 μάτην
1121 2435 1203 2501 ἀλλὰ

193 2546 354 2628 βοηθείας
372 2543 469 2629 χάριν
488 2552 555 2609 τῶν
570 2541 726 2627 ὀμμάτων
739 2539 890 2624 γέγονεν,
909 2541 998 2618 ὅπως
1016 2541 1204 2608 άυάπαυσίν

193 2673 228 2716 τε
251 2649 376 2735 παρέχη
400 2646 455 2713 καλ
473 2649 584 2732 κωλύη
603 2649 643 2712 τά
661 2648 910 2731 προσπίπτοντα
930 2648 1012 2732 πρὸς
1034 2649 1095 2732 την
1114 2649 1203 2726 ὄψιν.

195 2757 330 2822 οὐκοῦν
347 2753 468 2819 ταύτόν
497 2753 587 2818 ἐστιν
615 2748 655 2818 οὗ
688 2775 724 2818 τε
752 2751 847 2818 ἕνεκα
878 2751 997 2837 γέγονέ
1021 2775 1053 2818 τι
1079 2750 1134 2818 καὶ
1163 2749 1205 2819 οὗ

154 2881 180 2922 2⁵
194 2862 290 2928 ἕνεκα
319 2863 373 2926 δεῖ
395 2857 585 2952 μεχρνέναι·
617 2852 690 2925 οἷον
718 2859 750 2923 εί
774 2863 893 2924 πλοῖον
916 2858 1012 2924 ἕνεκα
1039 2868 1097 2943 τῆς
1122 2860 1205 2924 κατά

194 2968 365 3034 θάλατταν
379 2967 518 3049 κομιδῆς
532 2966 599 3030 ἔδει
612 2967 802 3049 γίγνεσθαι,
823 2967 879 3030 διά
892 2975 991 3032 τοῦτο
1004 2963 1060 3030 καὶ
1077 2963 1203 3050 μέμονε.

194 3072 250 3140 καὶ
277 3075 343 3158 μην
365 3072 406 3136 τά
433 3095 471 3155 γε
495 3074 560 3159 ζῷα
583 3079 651 3135 τῶν
677 3072 778 3156 φύσει
809 3072 865 3154 <τε
891 3069 946 3135 καὶ
973 3071 1055 3135 κατά
1077 3071 1204 3156 φύσιν>

285 3237 301 3285 6
315 3225 350 3284 δν
359 3227 475 3312 ιωδόἰδάθ
484 3227 533 3310 Κλ
548 3234 580 3310 ld
594 3225 722 3298 χεχονός·
736 3224 767 3281 τό
807 3215 888 3293 18ἐη.
902 3224 1103 3312 ροελετῷςκατά
1118 3223 1205 3313 φύσιν

195 3302 324 3358 lacunam
343 3301 467 3369 s1gnav1t
480 3298 579 3355 v1t0111
591 3299 755 3367 explendam
792 3292 929 3351 ἐναντίον.
961 3315 979 3364 η
996 3314 1048 3350 ουν
1062 3317 1135 3352 κατα
1149 3297 1205 3366 φύ-

193 3374 261 3442 σιν>
279 3370 325 3425 vel
341 3371 451 3455 pleq'ius
468 3364 632 3441 (ἐναντίονΙ
657 3367 684 3422 εί
700 3365 733 3420 δὲ
752 3365 850 3430 καλῶς,
869 3360 976 3433 ὀρθῶς·
1001 3365 1029 3420 εί
1049 3366 1082 3422 δὲ
1102 3363 1206 3435 ὀρθῶς,

734 3432 741 3450 Ι

198 3442 282 3498 ἕνεκά
300 3459 358 3495 τον.
390 3457 488 3493 απασα
507 3431 559 3492 ούν
576 3433 683 3504 ἡκατδ
690 3432 821 3557 χίφὲιῇνί)
840 3429 924 3501 ἡρτο
938 3435 976 3503 τῷ
993 3436 1144 3504 τοιίρεοτωλ
1157 3438 1182 3490 Κ
1195 3437 1206 3508 ΙΙ

197 3520 231 3569 27
251 3531 279 3567 ιε
299 3506 436 3566 καὶκατὰ
455 3503 543 3577 φύσιν
560 3504 672 3560 addidit
