2674 3932
452 191 728 248 PROTREPTICUS
747 195 781 264 (ο.
796 192 879 263 ΧΙΠ).
1131 197 1174 260 65

158 356 292 439 φύσεως
315 354 397 420 ἀλλὰ
420 355 661 438 καθαρεύωμεν
685 350 739 418 ἀπ’
767 355 882 436 αὐτοῦ,
906 355 968 433 ἕως
990 355 1069 422 δνὸ
1093 359 1174 436 θεὸς

159 461 259 538 αὐτὸς
278 461 429 546 ὀπολύση
448 460 542 544 ημᾶς.
582 459 639 527 καλ
658 461 745 527 οὕτω
764 458 826 545 μέν
844 460 990 548 καθαροὶ
1011 462 1174 531 ἀπαλλατ-

159 569 292 652 τόμενοι
310 576 369 651 τῆς
386 576 447 632 τοῦ
467 568 617 652 σώματος
635 567 840 652 ἀφροσύνης,
860 568 905 646 ὡς
922 571 959 634 τὸ
977 571 1074 652 είκός,
1093 573 1173 655 μετδι

69 692 143 732 18811.
159 674 320 739 τοιούτων
353 674 498 758 ἐσόμεθα
529 671 585 738 καί
616 676 819 757 γνωσόμεθα
851 671 898 739 δι’
934 675 1028 760 ἡμῶν
1061 678 1172 743 αὐτῶν

158 789 225 845 πᾶν
257 781 294 845 τὸ
327 779 513 865 είλικρινές·
545 788 644 846 τοῦτο
678 776 710 846 δ’
742 779 833 846 ἐστίν
863 786 942 860 ἴσως
973 783 1011 846 τὸ
1039 782 1199 868 ἀληθέςι

158 888 202 970 μη
226 893 364 974 καθαρῷ
384 888 447 971 γδιρ
465 893 621 971 καθαροῦ
634 885 842 969 ἐφάπτεσθαι
860 889 904 972 μη
924 888 965 954 ού
983 892 1123 973 θεμιτὸν
1141 882 1171 976 ᾖ.

158 994 323 1077 κάθαρσις
347 990 384 1058 δέ
406 1001 505 1058 τοῦτο
525 989 708 1077 ξυμβαίνει,
733 993 814 1078 ὅπερ
837 995 938 1058 πύλαι
961 994 999 1059 ἐν
1016 1000 1172 1084 τῷλόγῳ

159 1098 303 1182 λέγεται,
330 1101 368 1164 τὸ
396 1101 545 1183 χωρίζειν
569 1099 587 1164 ὀ
614 1121 646 1163 τι
674 1100 814 1183 μάλιστα
841 1097 905 1165 ἀπὸ
933 1109 994 1166 τοῦ
1022 1103 1172 1186 σώματος

85 1224 146 1263 ⁷5A.
159 1208 221 1288 την
245 1207 356 1291 ψυχὴν
378 1205 434 1272 καὶ
461 1205 574 1271 ἐθίσαι
600 1206 705 1290 αὐτην
727 1201 807 1271 καθ’
833 1206 938 1291 αὐτὴν
960 1212 1171 1294 πανταχόθεν

161 1310 197 1376 ἐκ
215 1321 275 1378 τοῦ
294 1314 445 1396 σώματος
463 1315 727 1397 σνναγείρεσθαί
741 1336 777 1378 τε
795 1312 851 1379 καὶ
869 1313 1097 1399 ἀθροίζεσθαι,
1116 1313 1213 1380 καίεο

159 1420 264 1485 οἰκεῖν
290 1417 373 1484 κατὰ
402 1419 439 1482 τὸ
468 1419 614 1483 δυνατὸν
637 1416 692 1483 καὶ
723 1417 760 1482 ἐν
786 1425 832 1505 τῷ
860 1427 925 1484 νῦν
948 1423 1093 1506 παρόντι,
1116 1420 1172 1487 καί

159 1526 195 1591 ἐν
223 1533 268 1612 τῷ
296 1528 406 1590 ἔπειτα
434 1525 541 1608 μόνην
568 1522 647 1588 καθ’
674 1524 794 1608 αὐτην,
827 1524 1031 1609 ἐκλυομένην
1060 1529 1171 1613 ὥσπερ

158 1631 195 1697 ἐκ
223 1633 354 1714 δεσμῶν
377 1631 413 1696 ἐκ
439 1640 500 1696 τοῦ
524 1632 682 1714 σώματος.
728 1639 827 1695 τοῦτο
856 1627 893 1695 δὲ
920 1633 1068 1710 θάνατος
1096 1633 1171 1700 ὀνο-

156 1738 305 1822 μάζεται,
342 1735 437 1814 λύσις
472 1735 528 1802 καὶ
564 1737 731 1821 χωρισμὸς
766 1744 874 1821 ψυχῆς
909 1736 973 1802 ἀπὸ
1011 1740 1170 1823 σώματος.

155 1845 250 1909 λύειν
274 1843 314 1909 δέ
333 1867 372 1934 γε
395 1844 514 1928 αὐτην,
539 1843 583 1920 ὥς
605 1867 730 1929 φαμεν,
758 1849 1014 1927 προθυμοῦνται
1037 1844 1088 1911 ἀεὶ
1110 1848 1170 1931 μύ-
1185 1869 1211 1908 15

154 1956 250 2015 λιστα
268 1948 324 2015 καὶ
342 1953 440 2035 μόνοι
460 1951 495 2015 οί
514 1956 778 2035 φιλοσοφοῦντες
802 1950 925 2035 ὀρθῶς,
948 1949 1059 2017 καὶτὸ
1078 1953 1170 2037 μελί-

155 2078 240 2140 τημα
264 2057 345 2121 αὐτὸ
364 2058 463 2121 τοῦτό
482 2055 551 2122 ἐστι
573 2067 641 2123 τῶν
659 2059 866 2142 φιλοσόφων,
886 2058 981 2135 λύσις
999 2056 1054 2123 καὶ
1071 2083 1170 2145 χωρι-

156 2164 238 2246 σμὸς
270 2171 377 2246 ψυχῆς
413 2163 476 2228 ἀπὸ
512 2163 671 2248 σώματος.
718 2163 801 2228 ὥστε
832 2165 870 2228 τὸ
901 2162 1057 2248 μέγιστον
1089 2166 1169 2251 ἡμῖν

155 2268 287 2352 ἀγαθὸν
310 2268 331 2352 ἡ
355 2271 538 2354 φιλοσοφία
564 2267 770 2353 παρέχουσα,
797 2270 859 2352 την
886 2269 1080 2354 ἀπαλλαγὴν
1102 2283 1169 2337 τῶν

156 2373 193 2439 ἐν
215 2383 254 2459 τῇ
282 2382 372 2460 ψυχῇ
399 2372 456 2439 καὶ
483 2373 610 2458 γενέσει
638 2376 785 2459 δεσμῶν,
815 2376 1099 2458 περισπούδαστος
1127 2376 1169 2443 δν
1183 2400 1211 2440 ιο

156 2485 206 2565 εἴη
231 2482 466 2566 διαφερόντως.

64 2607 105 2646 190
114 2607 143 2646 Κ.
244 2584 342 2652 Ἀλλδ
366 2588 433 2671 μην
455 2586 512 2653 καί
534 2587 555 2671 ἡ
579 2586 804 2672 ὀνομαζομένη
829 2586 966 2672 ἀνδρεία
988 2599 1058 2666 τοῖς
1081 2589 1168 2656 οὕτω

156 2693 377 2778 διακειμένοις
400 2694 540 2778 μάλιστα
563 2697 738 2780 προσήκει,
761 2692 817 2760 καὶ
839 2694 860 2778 ἡ
883 2696 1103 2780 σωφροσύνη,
1126 2697 1169 2780 ἣν

155 2798 210 2864 καὶ
239 2800 273 2865 οί
297 2798 415 2867 πολλοὶ
444 2800 643 2885 ὀνομάζουσι
672 2801 913 2886 σωφροσύνην,
943 2802 980 2866 τὸ
1009 2801 1084 2888 περὶ
1111 2803 1169 2880 τδις

156 2905 333 2991 ἐπιθυμίας
369 2908 413 2991 μὴ
451 2907 634 2989 ἐπτοῆσθαι
670 2904 741 2972 ἀλλ’
783 2907 952 2992 ὀλιγώρως
989 2909 1077 2992 ἐχειν
1113 2907 1168 2974 καί
1182 2929 1209 2971 25

245 3124 270 3172 7.
286 3124 318 3172 18
334 3118 406 3171 plat.
421 3116 561 3172 Phaedon.
576 3134 602 3185 p.
618 3123 650 3172 67
661 3116 742 3172 O-D
760 3119 770 3186 u
789 3121 833 3172 22.
848 3135 873 3187 p.
891 3123 978 3184 6‘1‚16
993 3117 1064 3172 ΡΙκί.
1079 3119 1168 3176 Phae-

154 3190 219 3244 don.
238 3207 265 3258 p.
281 3195 314 3244 68
324 3187 415 3243 0-69
423 3187 456 3241 D.

244 3393 357 3457 ’λούτιο
340 3396 461 3472 ωίΙθεη
476 3393 638 3470 θεμιτόνῇ.
665 3399 865 3471 καθαρσςίετ
875 3401 908 3470 Ρ)
923 3401 1022 3456 Cobe
998 3403 1106 3472 θεμ
1109 3422 1167 3456 το

154 3485 314 3572 7‘1wa'&.!l'l
334 3483 416 3546 τούίό
436 3493 465 3544 et
483 3497 499 3545 8
518 3483 550 3544 t&
564 3491 603 3559 {18
622 3487 741 3576 μάλιστα
761 3491 805 3560 (ex
819 3489 852 3558 P)
871 3489 1008 3559 Scaliger.
1027 3487 1099 3546 καθ’
1116 3489 1167 3546 αὑ-

154 3557 205 3629 τὴν
219 3564 276 3630 [116
295 3561 378 3632 μόνοι
397 3562 458 3616 PK.
477 3557 579 3632 μόνην·
599 3578 635 3617 an
654 3556 758 3631 μόνονλ
