2674 3932
429 235 701 292 PROTREPTICUS
722 236 854 307 (0.x1v).
1108 241 1150 306 75

134 403 180 482 ὡς
204 403 310 484 δοκεῖ,
341 401 381 464 τά
405 394 438 465 δ’
464 399 501 465 έν
524 397 624 464 ποσὶν
648 397 781 482 ἀγνοῶν
803 422 839 465 τε
862 399 917 466 καὶ
941 402 977 468 έν
1001 401 1151 482 ἑκάστοις

136 509 280 593 ἀπορῶν.
327 507 408 573 όταν
444 505 483 572 δέ
513 505 553 589 γέ
581 529 657 570 τινα
690 505 789 582 αὐτὸς
821 505 943 594 έλκάση
976 511 1060 592 ἀνω,
1095 509 1151 576 καὶ

136 613 280 699 ἐθελήσῃ
304 636 353 690 τις
377 613 466 702 αὐτῷ
491 611 626 696 ἐκβῆναι
650 611 686 677 έκ
710 621 771 678 τοῦ
798 616 845 678 Τί
865 613 938 698 ἐγὼ
963 611 1006 680 σὲ
1029 615 1150 682 ἀδικῶ

11 797 12 802 ¹
136 719 156 804 ἣ
190 723 237 785 σὺ
270 718 349 805 έμέ;
388 721 434 796 είς
466 717 585 796 σκέψιν
617 713 660 784 αὖ
692 727 749 803 τῆς
782 719 997 805 δικαιοσύνης
1028 745 1063 786 τε
1096 720 1151 786 καὶ

62 909 65 914 1
136 825 280 910 ἀδικίας,
308 829 344 890 τί
367 849 402 890 τε
426 824 582 908 ἑκάτερον
605 825 722 890 αὐτοῖν
745 823 800 891 καί
823 829 858 890 τί
881 837 948 891 τῶν
971 827 1106 892 πάντων
1129 827 1177 912 ἣε

42 951 124 994 κτοΚ.
139 929 292 1016 ἀλλήλων
316 930 528 1016 διαφέρετονς
552 929 573 1015 ἢ
597 930 633 996 έκ
655 940 716 996 τοῦ
739 934 789 996 Εί
809 935 995 1014 βασιλεὺς
1018 934 1151 999 εὐδαί-

137 1062 218 1122 μων
237 1037 475 1123 κεκτημένος
493 1040 593 1103 πολὺ
617 1040 799 1122 χρυσίον,
822 1037 868 1123 [ἢ]
889 1042 1057 1122 βασιλείας
1074 1039 1150 1123 πέρι

136 1143 194 1209 καὶ
216 1143 432 1231 ἀνθρωπίνης
450 1145 535 1222 ὅλως
556 1143 770 1228 εὐδαιμονίας
792 1141 847 1210 καί
866 1144 1064 1228 ἀθλιότητος
1083 1145 1151 1211 έπί-

138 1260 267 1334 σκεψιν,
291 1254 374 1316 ποίω
397 1249 435 1316 τέ
449 1273 520 1316 τινε
540 1249 637 1315 έστὸν
655 1249 710 1314 καλ
728 1252 803 1315 τίνα
821 1253 946 1337 τρόπον
965 1250 1151 1337 ἀνθρώπου

137 1356 238 1440 φύσει
261 1360 419 1443 προσήκει
442 1358 479 1421 τὸ
503 1354 565 1441 μὲν
586 1359 774 1440 κτήσασθαι
797 1356 925 1441 αὐτοῖν,
948 1359 986 1423 τὸ
1010 1354 1047 1423 δέ
1070 1357 1151 1424 ἀπο·
1165 1381 1191 1420 ιο

136 1475 269 1548 φυγεῖν,
293 1501 337 1510 -
359 1461 435 1550 περὶ
462 1462 597 1528 πάντων
627 1462 756 1528 τούτων
784 1463 865 1528 ὅταν
893 1458 937 1528 αὖ
966 1461 1025 1550 δέη
1049 1468 1152 1548 λόγον

137 1570 270 1635 διδόναι
298 1570 358 1635 τὸν
387 1570 529 1654 σμικρὸν
556 1567 685 1634 ἐκεῖνον
712 1570 773 1652 την
803 1570 914 1652 ψυχὴν
942 1567 999 1635 καὶ
1027 1571 1150 1655 δριμὺν

11 1749 12 1760 ¹
135 1673 191 1740 καὶ
219 1677 407 1760 δικανικόν,
435 1677 536 1741 πάλιν
564 1670 606 1741 αὖ
633 1676 673 1739 τά
702 1673 906 1760 ἀντίστροφα
934 1674 1150 1743 ἀποδίδωσιν.

11 1763 14 1772 ’
137 1781 288 1864 ἰλιγγιῶν
313 1805 349 1847 τε
377 1780 440 1847 ἀπὸ
466 1781 599 1864 ὑψηλοῦ
622 1777 822 1866 κρεμασθεὶς
843 1778 898 1845 καὶ
921 1780 1054 1864 βλέπων
1077 1806 1151 1867 μετ-

100 1967 105 1974 ’
136 1885 240 1973 έωρος
262 1889 397 1954 ἀνωθεν
421 1887 485 1954 ὑπὸ
509 1885 649 1971 ἀηθείας
677 1887 856 1971 ἀδημονῶν
878 1909 913 1952 τε
936 1886 992 1953 καὶ
1015 1886 1151 1973 ἀπορῶν
1166 1907 1191 1948 τι

59 2014 122 2058 εει.
136 1991 192 2058 καὶ
215 1997 425 2080 βαρβαρίζων
443 1994 570 2077 γέλωτα
589 1991 752 2080 Θρᾴτταις
774 1989 835 2077 μὲν
854 1993 895 2058 οὐ
918 1992 1054 2079 παρέχει
1073 1992 1147 2062 οὐδ’
1248 2025 1254 2035 ·

137 2101 226 2189 ἀλλφ
250 2100 436 2187 ἀπαιδεύτῳ
461 2101 581 2166 οὐδενί
601 2098 696 2186 (οὐδὲ
718 2102 782 2186 γάρ
806 2101 1055 2188 αἰσθάνονται),
1082 2111 1153 2180 τοῖς

138 2203 175 2271 δέ
199 2205 357 2284 ἐναντίως
374 2206 395 2291 ἢ
415 2207 459 2284 ὡς
482 2207 708 2292 ἀνδραπόδοις
729 2215 884 2292 τραφεῖσι
905 2215 1034 2278 πᾶσιν,
1054 2203 1153 2286 οὗτος

137 2314 179 2396 δὴ
211 2311 367 2399 ἑκατέρου
399 2316 521 2398 τρόπος
556 2320 614 2395 της
652 2315 747 2395 ζωῆς·
783 2311 800 2377 ὁ
833 2309 896 2395 μὲν
931 2319 977 2400 τῷ
1008 2314 1083 2378 όντι
1115 2313 1152 2379 έν

137 2419 313 2506 ἐλευθερίᾳ
345 2442 380 2485 τε
409 2417 465 2484 καὶ
497 2422 599 2502 σχολῇ
630 2413 878 2502 τεθραμμένου,
913 2417 953 2482 ὃν
985 2419 1027 2501 δὴ
1056 2418 1150 2503 <δεῖ>
1166 2439 1192 2478 ιο

46 2549 121 2587 τινα.
137 2527 328 2610 φιλόσοφον
351 2529 476 2608 καλεῖν,
500 2515 571 2613 <ςδ>
594 2521 797 2607 ἀνεμέσητον
820 2521 937 2605 εὐηθει
961 2524 1073 2590 δοκεῖν
1095 2522 1152 2590 καί

138 2629 253 2697 οὐδενὶ
281 2625 381 2715 είναι,
413 2632 493 2696 ὅταν
521 2632 568 2708 είς
597 2630 735 2696 δουλικὰ
763 2627 886 2716 έμπέση
915 2630 1151 2717 διακονήματα,

138 2729 213 2804 οἷον
235 2739 534 2824 στρωματόδεσμον
562 2738 606 2821 μὴ
635 2733 856 2820 έπισταμένου
879 2737 1152 2804 συσκευάσασθαι

138 2841 222 2930 μηδὲ
245 2846 332 2923 όψον
354 2845 478 2928 ἡδῦναι
500 2843 520 2928 ἢ
544 2849 662 2920 θῶπας
689 2846 825 2926 λόγους·
852 2842 871 2908 δ
900 2837 931 2909 δ’
958 2838 1001 2908 αὖ
1028 2846 1068 2910 τά
1090 2841 1152 2928 μὲν

137 2960 274 3016 τοιαῦτα
306 2953 413 3017 πάντα
445 2947 637 3034 δυναμένου
663 2959 769 3035 τορῶς
795 2947 943 3034 θατέρου
971 2947 1026 3015 καί
1053 2949 1153 3028 ὀξέως
1167 2971 1193 3010 ω

139 3057 324 3140 διακονεῖν,
358 3057 607 3139 ἀναβάλλεσθαι
639 3052 720 3138 <δὲ>
755 3055 816 3120 οὐκ
849 3054 1069 3139 ἐπισταμένου
1099 3055 1153 3121 ἐπὶ

137 3199 352 3212 -ι--

230 3291 245 3340 7
266 3278 284 3354 ἢ
304 3285 408 3341 delevi:
427 3301 463 3340 an
480 3285 594 3354 χρυσίον
607 3274 635 3354 ᾖ,
654 3283 735 3355 βασῖ
749 3284 788 3352 119
807 3283 838 3338 τέ
857 3302 915 3338 τινε
931 3282 990 3337 PA:
1010 3281 1043 3352 γέ
1056 3301 1131 3345 τινες
1144 3284 1154 3356 Η

140 3397 173 3446 10
188 3389 287 3447 αάτοῖν
296 3391 357 3447 PK=
373 3388 463 3461 αὐτὴν
476 3393 486 3461 11
501 3397 534 3446 13
548 3387 633 3444 πάλιν
648 3381 685 3445 αὖ
699 3386 734 3442 τά
745 3387 804 3442 AP:
818 3368 903 3443 πάλάἀ
913 3385 987 3444 αάτά
1001 3390 1011 3458 11
1026 3395 1058 3444 18
1072 3385 1153 3444 ἀναν-

138 3465 204 3525 τίως
225 3463 286 3519 PK:
312 3461 451 3526 ἐναντίοις
469 3465 478 3534 Ι]
496 3468 531 3518 20
555 3456 587 3516 δν
612 3464 661 3516 δεῖ
679 3477 714 3515 ex
737 3475 833 3530 apogr.
857 3459 912 3514 ciz.
936 3461 974 3515 K:
998 3477 1035 3514 an
1057 3466 1153 3524 καλεῖς

139 3550 202 3588 cum
222 3533 261 3589 P?
276 3535 285 3603 λλ
299 3539 332 3588 21
353 3527 374 3604 ᾦ
399 3550 432 3588 ex
451 3533 473 3587 P
492 3532 602 3589 addidit
620 3531 668 3606 ᾼΙΙ
686 3537 720 3588 23
740 3527 929 3600 ἐπισταμένου
949 3546 983 3584 ex
1000 3531 1023 3584 P
1042 3532 1151 3602 scripsi:

139 3599 345 3674 ἐπισταμένους
357 3608 367 3674 ΙΙ
380 3610 415 3660 25
433 3603 572 3676 θατέρου]
591 3624 620 3660 τε
639 3603 687 3659 ΡΛ
701 3605 758 3673 1126
778 3599 810 3656 δέ
829 3617 864 3656 ex
881 3601 904 3654 P
921 3601 1033 3655 addidit
1052 3601 1084 3655 K.
