2670 3932
433 256 704 314 PROTREPTICUS
724 261 758 328 (0.
773 257 858 328 XXI).
1088 257 1150 321 117

37 438 115 482 τετε
133 440 241 503 μενος.
278 416 347 484 ἐπεὶ
366 421 430 506 γάρ
449 422 657 505 σωματότητι
675 417 730 485 καὶ
750 421 879 508 ζφωδίᾳ
895 418 951 486 καὶ
970 419 1010 485 ού
1028 423 1151 505 χοίνικι

133 527 275 610 μετρητή
299 522 389 590 ἐστιν
410 524 432 608 ἡ
451 527 569 612 τροφή,
593 526 637 611 μή
656 522 770 611 ήρέμει
790 520 868 610 μηδ’
890 525 1036 610 ἀμύητος
1054 532 1150 612 φιλο·
1218 609 1221 618 ’

134 631 255 716 σοφίας
279 629 431 715 διατέλει,
455 625 529 696 ἀλλ’
551 633 598 708 εἰς
619 631 744 715 ταύτην
767 632 892 696 σαυτὸν
916 631 998 708 δοὺς
1020 631 1150 698 ἐκείνου

44 797 46 802 .
134 743 261 823 μᾶλλον
273 746 423 823 προνοοῦ
436 746 497 803 τοῦ
516 737 553 803 ἐν
571 736 626 804 σοὶ
644 735 907 825 θεοειδεστέρου,
927 738 945 804 δ
964 737 1034 804 ἐστι
1050 741 1151 823 ψυχή,

134 843 190 911 καὶ
216 847 303 911 πολὺ
325 847 490 931 πρότερον
516 852 577 909 τοῦ
604 843 641 909 ἐν
661 844 769 931 ταύτη
793 853 872 929 νοῦ,
901 839 949 910 ὧν
977 845 1086 930 τροφή
1109 843 1178 908 ούε

60 1031 61 1036 ¹
134 954 257 1038 χοίνικι
280 951 363 1016 ἀλλά
384 953 514 1039 θεωρίᾳ
536 949 592 1017 καὶ
615 953 761 1036 μαθήσει
783 961 956 1037 μετρεῖται.

81 1063 122 1121 ιθ
226 1059 272 1123 Τὸ
292 1053 329 1122 δὲ
351 1057 617 1141 γαμψώνυχον
631 1050 764 1143 ’μηδὲν
786 1055 1012 1143 παράτρεφε
1031 1062 1152 1122 Πυθα-

133 1164 358 1249 γορικόιτερον
390 1164 626 1248 συμβουλεύει·
659 1163 856 1240 κοινωνικὸς
889 1168 980 1247 ἴσθι,
1014 1164 1151 1248 μεταδο-

43 1290 120 1333 ετοκ.
134 1273 238 1353 τικός,
266 1267 320 1335 καὶ
347 1273 426 1346 τοὺς
453 1270 574 1347 ἀλλους
600 1271 774 1346 τοιούτους
802 1264 888 1336 εἶναι
914 1268 1151 1357 παρασκεύαζε,

135 1378 268 1442 διδόναι
290 1398 323 1441 τι
345 1373 401 1441 καὶ
425 1373 583 1460 δέχεσθαι
606 1374 803 1458 ἀκακοήθως
822 1373 878 1441 καὶ
896 1375 1059 1461 ἀφθόνως
1081 1376 1152 1442 ἐθί-
1167 1396 1192 1435 10

136 1487 211 1567 ζων,
235 1483 317 1548 ἀλλά
341 1483 385 1568 μή
403 1482 511 1546 πάντα
530 1478 591 1565 μὲν
610 1482 792 1565 λαμβάνειν
811 1481 994 1565 ἀπλήστως,
1018 1483 1152 1547 διδόναι

136 1587 172 1655 δὲ
186 1581 188 1585 ’
201 1587 314 1674 μηδέν.
359 1588 380 1671 ἡ
408 1589 472 1673 γὰρ
501 1597 569 1652 τῶν
596 1589 831 1672 γαμψωνύχων
859 1588 984 1671 φυσική
1018 1588 1152 1673 διοργά-

136 1711 237 1772 νωσις
260 1697 375 1778 λαβεῖν
398 1690 460 1778 μὲν
482 1693 617 1778 τάχιστα
640 1690 695 1758 καὶ
718 1691 842 1781 ῥᾳδίως
861 1694 1152 1779 δεδημιούργηται,

89 1882 95 1889 ¹
136 1801 271 1885 ἀφεῖναι
294 1795 331 1864 δὲ
353 1799 374 1884 ή
398 1799 601 1883 μεταδοῦναι
625 1796 735 1864 οὐκέτι
759 1799 815 1864 διὰ
834 1801 897 1883 τήν
915 1802 1071 1865 ἔνστασιν
1095 1799 1153 1883 ἀγ-

135 1909 247 1974 κύλων
270 1908 379 1973 όντων
402 1916 470 1971 τῶν
493 1905 636 1991 ὀνύχων,
661 1905 701 1972 ὃν
723 1907 849 1993 τρόπον
867 1903 922 1972 καὶ
941 1906 979 1970 αἱ
994 1906 1153 1992 κρεάγραι
1167 1925 1192 1966 15

135 2017 324 2100 πεφύκασιν
351 2014 556 2080 ἐπισπᾶσθαι
578 2010 640 2098 μὲν
667 2013 818 2099 τάχιστα,
847 2013 984 2098 ἀφιέναι
1013 2011 1049 2080 δὲ
1074 2015 1152 2079 δυσ-

135 2131 249 2206 χερῶς,
273 2123 304 2185 εἰ
326 2123 369 2206 μή
392 2145 442 2198 τις
464 2122 528 2205 ἀρα
547 2120 783 2206 ύπερεπικλίνη
804 2121 904 2198 αύτάς
923 2119 1152 2208 ἀναστρέφων.

135 2232 435 2311 προσαρτηθεισῶν
459 2227 500 2309 δή
523 2225 603 2309 ἡμῖν
621 2225 687 2290 ὑπὸ
708 2234 765 2308 τῆς
783 2226 916 2310 φύσεως
933 2237 1001 2292 τῶν
1020 2238 1151 2312 χειρῶν,

136 2332 192 2398 ἵνα
222 2329 265 2396 δι’
297 2331 408 2397 αὐτῶν
441 2329 588 2415 διδῶμέν
619 2353 654 2395 τε
686 2329 742 2395 καὶ
775 2332 949 2416 δεχώμεθα
980 2335 1063 2398 κατά
1094 2335 1154 2398 τὸν

47 2458 121 2501 uu.
136 2438 335 2504 κοινωνικὸν
359 2439 475 2521 λόγον,
503 2433 559 2501 καὶ
582 2446 649 2500 τῶν
673 2437 846 2502 δακτύλων
869 2437 984 2504 ἁπλῶν
1006 2461 1076 2516 πως
1098 2437 1154 2503 καὶ
1167 2458 1194 2497 20

136 2545 198 2611 ούκ
221 2544 375 2628 ἀγκύλων
398 2543 512 2620 αὐταῖς
534 2545 836 2629 προσπεφυκότων,
866 2544 907 2609 ού
934 2543 1094 2630 μιμητέον
1117 2545 1154 2610 ἐν

136 2663 206 2729 τοῖς
228 2652 393 2727 τοιούτοις
413 2652 454 2715 τά
472 2650 679 2734 γαμψώνυχα
698 2647 797 2738 ε’τέρφ
821 2652 932 2739 τρόπφ
953 2652 1155 2738 δημιουργη-

136 2757 241 2824 θέντα
263 2757 328 2823 ὑπὸ
351 2765 412 2822 τοῦ
435 2757 637 2838 πλάσαντος,
666 2756 749 2821 ἀλλά
777 2763 903 2841 μάλλον
930 2756 1155 2844 κοινωνητέον

138 2863 293 2946 ἀλλήλοις
315 2861 370 2928 καὶ
389 2861 623 2948 μεταληπτέον,
647 2863 937 2949 προτρεπομένους
960 2867 1007 2942 εἰς
1026 2867 1064 2931 τὸ
1087 2890 1154 2932 τοι-

138 2979 240 3035 οῦτον
262 2962 319 3034 ὑπ’
345 2968 456 3034 αὐτῶν
481 2979 548 3033 τῶν
571 2971 611 3034 τὰ
634 2969 1008 3056 όνόματατιθεμένων,
1039 2976 1074 3038 οδ
1092 2973 1154 3056 τήν
1168 2988 1194 3028 2⁵

139 3074 250 3154 δεξιὰν
277 3085 344 3141 τῶν
372 3086 492 3163 χειρῶν
520 3075 733 3162 ἐντιμοτέραν
766 3076 945 3162 ὠνόμασαν
978 3079 1018 3144 οὐ
1048 3081 1154 3165 μόνον

138 3183 201 3248 ἀπὸ
224 3191 285 3248 τοῦ
308 3180 478 3266 δέχεσθαι,
502 3181 585 3247 ἀλλά
608 3180 663 3247 καὶ
686 3182 750 3249 ἀπὸ
773 3193 834 3249 τοῦ
856 3185 974 3268 δεκτήν
993 3183 1154 3270 ὑπάρχειν

108 3326 115 3338 ·
138 3289 175 3356 ἐν
188 3297 233 3377 τῷ
251 3290 475 3375 μεταδιδόναι.
511 3288 810 3374 δικαιοπραγητέον
829 3292 904 3375 ἀρα,
925 3292 980 3355 διά
1000 3287 1037 3355 δὲ
1054 3299 1154 3359 τοῦτο

228 3471 244 3518 4
263 3460 483 3519 θεοειδεστάτου
502 3463 706 3518 Rittershusius
725 3464 761 3517 ad
779 3465 880 3534 Porph.
900 3464 957 3519 vit.
976 3464 1057 3536 Pyth.
1077 3484 1104 3535 p.
1120 3472 1154 3521 63

138 3533 253 3589 Kuster:
273 3534 411 3606 cf.-supra
430 3554 456 3606 p.
474 3541 515 3603 15,
532 3541 565 3589 14
584 3537 613 3588 et
628 3541 670 3598 36,
687 3536 773 3603 11118
792 3534 884 3608 <καλ>
902 3535 1085 3605 μεταδοτικός
1102 3536 1128 3590 Α
1145 3537 1155 3610 ss

140 3629 173 3678 28
192 3624 275 3680 τοῦτο
296 3642 329 3680 ex
347 3641 444 3694 apogr.
464 3623 551 3679 Paris.
570 3622 608 3678 K:
628 3616 684 3678 τού
704 3625 749 3693 (=-
769 3620 890 3694 τούτου).
