2670 3932
435 189 707 248 PROTREPTICUS
726 194 761 261 (ο.
775 193 859 264 XXI).
1091 193 1155 257 125

82 357 124 418 λς’
233 355 278 419 Τὸ
294 350 330 418 δὲ
348 355 517 439 προτίμα
535 355 578 419 τὸ
597 362 723 438 σχῆμα
741 351 805 420 καὶ
823 358 925 440 βῆμα
942 363 1012 420 τοῦ
1030 363 1156 440 σχῆμα

136 458 203 526 καλ
234 460 454 544 τριώβολον
487 459 706 544 παραγγέλλει
738 469 851 526 τοῦτο·
888 463 1068 546 φιλοσόφει
1100 459 1155 527 καὶ

137 568 315 650 μαθῆματα
339 565 451 652 μέτιθι
474 567 517 652 μῆ
541 565 728 652 παρέργως,
759 565 815 632 καὶ
839 563 883 632 δι’
910 567 1022 632 αὐτῶν
1045 567 1154 652 ὥσπερ

138 672 325 757 διαβάθρας
356 670 410 738 έπὶ
443 673 480 739 τὸ
512 676 732 758 προκείμενον
766 675 878 758 χώρει·
915 674 1081 739 κατάπτυε
1116 669 1154 738 δὲ

137 790 203 844 τῶν
231 778 493 864 προτιμωμένων
522 777 578 844 καί
606 777 883 866 πρεσβευομένων
910 788 981 856 τοῖς
1008 783 1181 861 πολλοῖς,ι

136 883 191 950 καὶ
214 886 358 969 προτίμα
376 885 438 968 τῆν
454 881 617 968 Ἰταλικὴν
637 887 844 969 φιλοσοφίαν
862 885 924 969 τῆν
940 885 981 949 τά
999 884 1155 968 ἀσώματα

135 989 213 1056 καθ’
249 991 334 1056 αὑτά
365 997 566 1075 θεωροῦσαν
599 999 656 1076 τῆς
679 986 828 1075 Ἰωνικῆς
858 999 917 1075 τῆς
947 991 988 1056 τά
1020 991 1155 1076 σώματα

136 1095 396 1183 προηγουμένως
419 1095 712 1182 έπισκοπουμένης.
886 1185 888 1188 ¹

44 1186 121 1305 876ῑέ
229 1205 274 1268 Τὸ
290 1200 327 1268 ὁὲ
344 1203 503 1288 κυάμων
522 1202 595 1269 άπέ
597 1227 668 1288 χον
687 1202 908 1288 συμβουλεύει
927 1202 1155 1287 φυλάττεσθαι

117 1292 202 1375 ’πᾶν
226 1309 308 1374 ὅσον
332 1308 402 1374 ἐστὶ
424 1312 615 1395 φθαρτικὸν
637 1318 696 1393 τῆς
718 1311 801 1392 πρὸς
823 1312 927 1387 θεοὺς
948 1309 1077 1394 ὁμιλίας
1098 1307 1155 1374 καὶ
1169 1328 1195 1368 10

136 1424 193 1499 τῆς
215 1418 312 1492 θείας
335 1425 502 1500 μαντικῆς.

79 1514 119 1586 λη’
228 1522 273 1586 To
302 1517 339 1586 δὲ
367 1524 541 1607 μολόχην
569 1523 815 1606 μεταφύτευε
847 1520 933 1605 μέν,
965 1523 1014 1606 μὴ
1043 1522 1154 1586 ἔσθιε

136 1625 192 1710 ὁέ,
221 1628 400 1693 αἰνίττεται
428 1624 488 1712 μὲν
517 1627 568 1693 ὁτι
597 1625 814 1712 συντρέπεται
840 1635 885 1714 τῷ
913 1627 996 1714 ἡλίῳ
1025 1626 1065 1690 τά
1087 1649 1154 1691 τοι-

135 1742 219 1798 αὕτα
243 1734 332 1817 φυτά
355 1731 410 1799 καὶ
433 1733 637 1818 παρατηρεῖν
661 1732 751 1811 ἀξιοῖ
770 1741 880 1816 τοῦτο,
903 1735 1095 1817 πρόσκειται
1117 1728 1154 1796 ὁὲ

134 1839 172 1902 τὸ
200 1840 459 1924 μεταφύτευε,
492 1837 664 1905 τουτέστιν
693 1837 825 1917 ἐπιστὰς
852 1846 892 1924 τῆ
920 1838 1024 1904 αὐτοῦ
1053 1839 1154 1923 φύσει
1168 1857 1193 1899 ιε

135 1943 190 2010 καὶ
210 1955 250 2032 τῆ
269 1948 352 2032 πρὸς
369 1949 429 2012 τὸν
448 1947 544 2031 ῆλιον
568 1947 717 2012 διατάσει
739 1944 795 2011 καὶ
814 1948 1005 2033 συμπαθείᾳ
1029 1945 1073 2030 μὴ
1098 1945 1154 2030 άρ-

48 2066 123 2111 ιιοΔ.
134 2060 197 2117 κοῦ
229 2049 313 2137 μηδὲ
345 2053 477 2138 ἐπίμενε
509 2055 601 2140 μόνῳ
634 2054 758 2141 τούτῳ,
791 2053 874 2120 ἀλλὰ
905 2055 966 2138 τῆν
999 2053 1154 2118 διάνοιαν

136 2159 329 2241 μεταβίβαζε
352 2155 408 2222 καὶ
431 2158 553 2223 ὡσανεὶ
572 2159 777 2243 μεταφύτευε
796 2157 851 2224 καλ
870 2157 923 2225 έπλ
946 2160 986 2224 τά
1010 2158 1153 2244 ὁμογενῆ

137 2264 226 2347 φυτά
248 2260 305 2327 καὶ
328 2262 455 2347 λάχανα
477 2261 532 2327 καὶ
551 2262 605 2328 έπλ
626 2265 667 2328 τά
689 2265 733 2349 μῆ
757 2263 900 2349 ὁμογενῆ
921 2261 985 2345 [δὲ]
1007 2267 1071 2352 ζῷα
1089 2265 1153 2347 ῆὸη

136 2367 191 2434 καὶ
223 2372 343 2446 λίθους
374 2366 429 2433 καὶ
462 2371 631 2453 ποταμοὺς
661 2366 717 2434 καὶ
749 2369 857 2445 πάσας
885 2368 995 2446 ἁπλῶς
1023 2369 1154 2453 φύσεις·
1169 2389 1195 2429 εο

135 2477 307 2561 πολύχουν
342 2475 406 2560 γάρ
442 2473 595 2560 εὑρῆσεις
624 2472 681 2539 καὶ
712 2475 925 2558 πολύτροπον
957 2479 1156 2559 θαυμασίως

137 2580 174 2648 δὲ
198 2578 336 2660 δαψιλές
358 2583 395 2647 τὸ
418 2591 477 2665 τῆς
498 2589 559 2646 τοῦ
578 2583 705 2665 κόσμον
725 2578 873 2656 ἕνώσεως
895 2577 952 2644 καί
970 2584 1155 2666 συμπνοίας

138 2692 352 2772 σημαντικόν,
377 2689 487 2773 ὥσπερ
511 2687 575 2752 άπὸ
600 2686 691 2773 ῥίζης
712 2686 768 2753 καὶ
792 2687 955 2772 άφετῆρος
977 2697 1035 2772 τῆς
1057 2691 1155 2773 μολύ-

47 2811 124 2852 ειεΚ
138 2817 198 2878 γης
220 2793 422 2879 ὡρμημένος.
469 2794 510 2858 ού
529 2796 636 2878 μόνον
658 2789 720 2860 οὖν
739 2796 783 2879 μῆ
803 2797 895 2859 ἔσθιε
914 2792 998 2880 μηδὲ
1017 2795 1155 2880 άφάνιζε

137 2900 195 2974 τάς
216 2885 371 2975 τοιαύτας
393 2902 646 2985 παρατηρήσεις,
671 2900 754 2966 ἀλλὰ
776 2899 832 2966 καὶ
850 2895 928 2980 αύξε
950 2899 1005 2967 καί
1028 2907 1155 2986 πληθο-
1170 2919 1196 2960 25

139 3007 227 3070 ποίει
251 3005 348 3090 δίκην
371 3007 666 3090 μεταφυτεύοντος.

77 3114 124 3173 ια’
233 3112 278 3176 Τὸ
308 3107 344 3175 δὲ
371 3109 556 3195 ἐμψύχων
579 3109 725 3195 ἀπέχου
754 3109 806 3176 ἐπὶ
834 3112 1053 3195 δικαιοσύνην
1075 3134 1156 3196 προ-

138 3216 249 3303 τρέπει
267 3217 323 3282 καὶ
341 3226 450 3282 πᾶσαν
468 3218 530 3301 τῆν
548 3224 609 3282 τοῦ
628 3226 813 3300 συγγενοῦς
828 3218 928 3301 τιμὴν
946 3214 1000 3282 καὶ
1019 3218 1080 3301 τῆν
1098 3228 1156 3302 τῆς

140 3324 256 3409 ὁμοίας
276 3327 357 3408 ζωῆς
376 3322 547 3407 άποὸοχῆν
564 3320 619 3388 καὶ
637 3325 720 3408 πρὸς
738 3321 832 3409 ἕτερα
853 3332 989 3389 τοιαῦτα
1008 3328 1155 3399 πλείονα.

211 3488 228 3535 4
247 3483 409 3552 ὁιαβοθρας
428 3479 607 3551 Scaliger(?);
627 3482 660 3536 cf.
676 3481 780 3538 Praei:
800 3479 847 3536 διά
864 3479 975 3554 βάθροις
989 3483 998 3552 ΙΙ
1014 3489 1046 3537 19
1061 3479 1092 3537 δὲ
1109 3483 1155 3537 de·

140 3549 207 3604 levi:
227 3553 385 3623 rescripsit
403 3551 436 3605 Κ.
