<?xml version="1.0" encoding="UTF-8"?>
<!DOCTYPE html PUBLIC "-//W3C//DTD XHTML 1.0 Transitional//EN"
    "http://www.w3.org/TR/xhtml1/DTD/xhtml1-transitional.dtd">
<html xmlns="http://www.w3.org/1999/xhtml" xml:lang="en" lang="en">
 <head>
  <title>
</title>
<meta http-equiv="Content-Type" content="text/html;charset=utf-8" />
  <meta name='ocr-system' content='tesseract 3.04.00' />
  <meta name='ocr-capabilities' content='ocr_page ocr_carea ocr_par ocr_line ocrx_word'/>
</head>
<body>
  <div class='ocr_page' id='page_1' title='image "./iamblichiprotre02jambgoog_0039.png"; bbox 0 0 2674 3932; ppageno 0'>
   <div class='ocr_carea' id='block_1_1' title="bbox 179 219 781 283">
    <p class='ocr_par' dir='ltr' id='par_1_1' title="bbox 179 219 781 283">
     <span class='ocr_line' id='line_1_1' title="bbox 179 219 781 283; baseline -0.003 -9"><span class='ocrx_word' id='word_1_1' title='bbox 179 219 222 283; x_wconf 81' lang='lat'><strong><em>20</em></strong></span> <span class='ocrx_word' id='word_1_2' title='bbox 594 219 781 275; x_wconf 82' lang='lat' dir='ltr'>IAMBLICHI</span> 
     </span>
    </p>
   </div>
   <div class='ocr_carea' id='block_1_2' title="bbox 76 379 1322 3122">
    <p class='ocr_par' dir='ltr' id='par_1_2' title="bbox 150 379 1273 1317">
     <span class='ocr_line' id='line_1_2' title="bbox 150 379 1196 468; baseline 0 -21"><span class='ocrx_word' id='word_1_3' title='bbox 150 403 152 408; x_wconf 82' lang='grc'><strong>’</strong></span> <span class='ocrx_word' id='word_1_4' title='bbox 179 383 308 464; x_wconf 83' lang='grc' dir='ltr'><strong><em>θεωρὸς</em></strong></span> <span class='ocrx_word' id='word_1_5' title='bbox 338 382 492 467; x_wconf 80' lang='grc' dir='ltr'><strong><em>ὑπάρχει,</em></strong></span> <span class='ocrx_word' id='word_1_6' title='bbox 520 379 575 446; x_wconf 79' lang='grc' dir='ltr'><strong><em>καὶ</em></strong></span> <span class='ocrx_word' id='word_1_7' title='bbox 603 383 687 465; x_wconf 84' lang='grc' dir='ltr'><strong><em>πρὸς</em></strong></span> <span class='ocrx_word' id='word_1_8' title='bbox 714 391 812 446; x_wconf 84' lang='grc' dir='ltr'><strong><em>τοῦτο</em></strong></span> <span class='ocrx_word' id='word_1_9' title='bbox 841 381 958 466; x_wconf 79' lang='grc' dir='ltr'><strong><em>γέγονε</em></strong></span> <span class='ocrx_word' id='word_1_10' title='bbox 985 380 1040 448; x_wconf 77' lang='grc' dir='ltr'><strong><em>καί</em></strong></span> <span class='ocrx_word' id='word_1_11' title='bbox 1068 384 1196 468; x_wconf 83' lang='grc' dir='ltr'><strong><em>ὄργανα</em></strong></span> 
     </span>
     <span class='ocr_line' id='line_1_3' title="bbox 179 487 1194 574; baseline 0 -21"><span class='ocrx_word' id='word_1_12' title='bbox 179 487 234 554; x_wconf 83' lang='grc' dir='ltr'><strong><em>καὶ</em></strong></span> <span class='ocrx_word' id='word_1_13' title='bbox 264 488 421 572; x_wconf 80' lang='grc' dir='ltr'><strong><em>δυνάμεις</em></strong></span> <span class='ocrx_word' id='word_1_14' title='bbox 450 493 563 571; x_wconf 89' lang='grc' dir='ltr'><strong><em>είληφε</em></strong></span> <span class='ocrx_word' id='word_1_15' title='bbox 592 489 680 574; x_wconf 79' lang='grc' dir='ltr'><strong><em>παρὰ</em></strong></span> <span class='ocrx_word' id='word_1_16' title='bbox 707 497 769 553; x_wconf 86' lang='grc' dir='ltr'><strong><em>τοῦ</em></strong></span> <span class='ocrx_word' id='word_1_17' title='bbox 799 495 893 553; x_wconf 83' lang='grc' dir='ltr'><strong>θεοῦ.</strong></span> <span class='ocrx_word' id='word_1_18' title='bbox 941 490 996 553; x_wconf 86' lang='grc' dir='ltr'><strong><em>διὰ</em></strong></span> <span class='ocrx_word' id='word_1_19' title='bbox 1022 498 1126 554; x_wconf 89' lang='grc' dir='ltr'><strong><em>ταῦτα</em></strong></span> <span class='ocrx_word' id='word_1_20' title='bbox 1155 489 1194 574; x_wconf 72' lang='grc' dir='ltr'><strong><em>δὴ</em></strong></span> 
     </span>
     <span class='ocr_line' id='line_1_4' title="bbox 180 584 1196 680; baseline 0.001 -22"><span class='ocrx_word' id='word_1_21' title='bbox 180 594 280 660; x_wconf 82' lang='grc' dir='ltr'><strong><em>πάλιν</em></strong></span> <span class='ocrx_word' id='word_1_22' title='bbox 302 592 379 679; x_wconf 82' lang='grc' dir='ltr'><strong><em>περὶ</em></strong></span> <span class='ocrx_word' id='word_1_23' title='bbox 403 602 469 658; x_wconf 83' lang='grc' dir='ltr'><strong><em>πᾶν</em></strong></span> <span class='ocrx_word' id='word_1_24' title='bbox 491 595 528 658; x_wconf 90' lang='grc' dir='ltr'><strong><em>τὸ</em></strong></span> <span class='ocrx_word' id='word_1_25' title='bbox 552 595 607 676; x_wconf 81' lang='grc' dir='ltr'><strong><em>ὅν,</em></strong></span> <span class='ocrx_word' id='word_1_26' title='bbox 635 584 656 679; x_wconf 78' lang='grc' dir='ltr'><strong><em>ᾖ</em></strong></span> <span class='ocrx_word' id='word_1_27' title='bbox 681 596 737 677; x_wconf 81' lang='grc' dir='ltr'><strong><em>ὅν,</em></strong></span> <span class='ocrx_word' id='word_1_28' title='bbox 767 603 825 679; x_wconf 77' lang='grc' dir='ltr'><strong><em>τῆς</em></strong></span> <span class='ocrx_word' id='word_1_29' title='bbox 846 600 1052 680; x_wconf 80' lang='grc' dir='ltr'><strong><em>θεωρητικῆς</em></strong></span> <span class='ocrx_word' id='word_1_30' title='bbox 1076 597 1196 678; x_wconf 79' lang='grc' dir='ltr'><em>σοφίας</em></span> 
     </span>
     <span class='ocr_line' id='line_1_5' title="bbox 181 698 1273 787; baseline 0 -21"><span class='ocrx_word' id='word_1_31' title='bbox 181 701 336 785; x_wconf 83' lang='grc' dir='ltr'><strong><em>ἐφίεσθαι</em></strong></span> <span class='ocrx_word' id='word_1_32' title='bbox 364 701 468 766; x_wconf 84' lang='grc' dir='ltr'><strong><em>αὐτὸν</em></strong></span> <span class='ocrx_word' id='word_1_33' title='bbox 495 703 574 786; x_wconf 78' lang='grc' dir='ltr'><strong><em>χρη,</em></strong></span> <span class='ocrx_word' id='word_1_34' title='bbox 603 698 739 778; x_wconf 75' lang='grc' dir='ltr'><strong><em>καὶτὰς</em></strong></span> <span class='ocrx_word' id='word_1_35' title='bbox 767 700 868 787; x_wconf 81' lang='grc' dir='ltr'><strong><em>ἀρχὰς</em></strong></span> <span class='ocrx_word' id='word_1_36' title='bbox 895 699 949 766; x_wconf 81' lang='grc' dir='ltr'><strong><em>καὶ</em></strong></span> <span class='ocrx_word' id='word_1_37' title='bbox 976 702 1016 766; x_wconf 85' lang='grc' dir='ltr'><strong><em>τά</em></strong></span> <span class='ocrx_word' id='word_1_38' title='bbox 1043 703 1195 786; x_wconf 82' lang='grc' dir='ltr'><strong><em>κριτήρια</em></strong></span> <span class='ocrx_word' id='word_1_39' title='bbox 1211 719 1273 761; x_wconf 79' lang='lat' dir='ltr'><strong>1⁷A.</strong></span> 
     </span>
     <span class='ocr_line' id='line_1_6' title="bbox 154 795 1195 893; baseline 0.002 -22"><span class='ocrx_word' id='word_1_40' title='bbox 154 808 287 890; x_wconf 71' lang='grc' dir='ltr'><strong><em>σαρίσης</em></strong></span> <span class='ocrx_word' id='word_1_41' title='bbox 313 795 468 891; x_wconf 78' lang='grc' dir='ltr'><strong><em>γνύσεως</em></strong></span> <span class='ocrx_word' id='word_1_42' title='bbox 500 813 657 891; x_wconf 79' lang='grc' dir='ltr'><strong><em>μεταθεῖν</em></strong></span> <span class='ocrx_word' id='word_1_43' title='bbox 689 807 949 892; x_wconf 78' lang='grc' dir='ltr'><strong><em>ἐπιστημονικῶς</em></strong></span> <span class='ocrx_word' id='word_1_44' title='bbox 981 805 1056 893; x_wconf 81' lang='grc' dir='ltr'><strong><em>περὶ</em></strong></span> <span class='ocrx_word' id='word_1_45' title='bbox 1089 808 1195 874; x_wconf 83' lang='grc' dir='ltr'><strong><em>πάντα</em></strong></span> 
     </span>
     <span class='ocr_line' id='line_1_7' title="bbox 179 910 1195 996; baseline 0.001 -19"><span class='ocrx_word' id='word_1_46' title='bbox 179 913 322 996; x_wconf 79' lang='grc' dir='ltr'><strong><em>τὰγένη</em></strong></span> <span class='ocrx_word' id='word_1_47' title='bbox 346 924 413 977; x_wconf 89' lang='grc' dir='ltr'><strong><em>τῶν</em></strong></span> <span class='ocrx_word' id='word_1_48' title='bbox 437 915 558 978; x_wconf 84' lang='grc' dir='ltr'><strong><em>ὄντων’</em></strong></span> <span class='ocrx_word' id='word_1_49' title='bbox 592 913 694 978; x_wconf 86' lang='grc' dir='ltr'><strong><em>αὐτόν</em></strong></span> <span class='ocrx_word' id='word_1_50' title='bbox 722 936 757 978; x_wconf 89' lang='grc' dir='ltr'><strong><em>τε</em></strong></span> <span class='ocrx_word' id='word_1_51' title='bbox 780 914 840 978; x_wconf 91' lang='grc' dir='ltr'><strong><em>τὸν</em></strong></span> <span class='ocrx_word' id='word_1_52' title='bbox 862 921 948 978; x_wconf 83' lang='grc' dir='ltr'>νοῦν</span> <span class='ocrx_word' id='word_1_53' title='bbox 970 910 1049 978; x_wconf 89' lang='grc' dir='ltr'><strong><em>καθ’</em></strong></span> <span class='ocrx_word' id='word_1_54' title='bbox 1077 912 1195 978; x_wconf 81' lang='grc' dir='ltr'><strong><em>ἑαυτὸν</em></strong></span> 
     </span>
     <span class='ocr_line' id='line_1_8' title="bbox 179 1017 1195 1104; baseline 0 -20"><span class='ocrx_word' id='word_1_55' title='bbox 179 1017 317 1085; x_wconf 74' lang='grc' dir='ltr'><strong><em>καὶτὸν</em></strong></span> <span class='ocrx_word' id='word_1_56' title='bbox 340 1020 582 1104; x_wconf 78' lang='grc' dir='ltr'><strong><em>καθαρώτατον</em></strong></span> <span class='ocrx_word' id='word_1_57' title='bbox 605 1022 707 1103; x_wconf 84' lang='grc' dir='ltr'><strong><em>λύγον</em></strong></span> <span class='ocrx_word' id='word_1_58' title='bbox 731 1019 983 1084; x_wconf 74' lang='grc' dir='ltr'><strong><em>ἐπισκοπεῖσθαι</em></strong></span> <span class='ocrx_word' id='word_1_59' title='bbox 1007 1019 1113 1097; x_wconf 80' lang='grc' dir='ltr'><strong><em>ἄξιον·</em></strong></span> <span class='ocrx_word' id='word_1_60' title='bbox 1140 1017 1195 1085; x_wconf 81' lang='grc' dir='ltr'><strong><em>καὶ</em></strong></span> 
     </span>
     <span class='ocr_line' id='line_1_9' title="bbox 181 1121 1195 1210; baseline 0.002 -22"><span class='ocrx_word' id='word_1_61' title='bbox 181 1125 257 1189; x_wconf 84' lang='grc' dir='ltr'><strong><em>ὅσαι</em></strong></span> <span class='ocrx_word' id='word_1_62' title='bbox 289 1121 344 1189; x_wconf 90' lang='grc' dir='ltr'><strong><em>ἀπ’</em></strong></span> <span class='ocrx_word' id='word_1_63' title='bbox 382 1125 488 1191; x_wconf 85' lang='grc' dir='ltr'><strong><em>αὐτοῦ</em></strong></span> <span class='ocrx_word' id='word_1_64' title='bbox 524 1123 621 1210; x_wconf 78' lang='grc' dir='ltr'><strong><em>ἀρχαὶ</em></strong></span> <span class='ocrx_word' id='word_1_65' title='bbox 654 1124 843 1191; x_wconf 78' lang='grc' dir='ltr'><strong><em>ἐνδίδονται</em></strong></span> <span class='ocrx_word' id='word_1_66' title='bbox 875 1127 922 1202; x_wconf 80' lang='grc' dir='ltr'><strong><em>είς</em></strong></span> <span class='ocrx_word' id='word_1_67' title='bbox 953 1126 993 1190; x_wconf 85' lang='grc' dir='ltr'><strong><em>τά</em></strong></span> <span class='ocrx_word' id='word_1_68' title='bbox 1025 1127 1109 1192; x_wconf 86' lang='grc' dir='ltr'><strong><em>καλὰ</em></strong></span> <span class='ocrx_word' id='word_1_69' title='bbox 1139 1123 1195 1190; x_wconf 81' lang='grc' dir='ltr'><strong><em>καὶ</em></strong></span> 
     </span>
     <span class='ocr_line' id='line_1_10' title="bbox 180 1228 1196 1317; baseline 0.002 -22"><span class='ocrx_word' id='word_1_70' title='bbox 180 1230 292 1314; x_wconf 80' lang='grc' dir='ltr'><strong><em>ἀγαθὰ</em></strong></span> <span class='ocrx_word' id='word_1_71' title='bbox 319 1239 380 1296; x_wconf 85' lang='grc' dir='ltr'><strong><em>τοῦ</em></strong></span> <span class='ocrx_word' id='word_1_72' title='bbox 413 1231 632 1317; x_wconf 74' lang='grc' dir='ltr'><strong><em>ἀνθρωπίνου</em></strong></span> <span class='ocrx_word' id='word_1_73' title='bbox 660 1235 752 1315; x_wconf 89' lang='grc' dir='ltr'><strong><em>βίου,</em></strong></span> <span class='ocrx_word' id='word_1_74' title='bbox 785 1228 840 1296; x_wconf 84' lang='grc' dir='ltr'><strong><em>καὶ</em></strong></span> <span class='ocrx_word' id='word_1_75' title='bbox 872 1232 934 1297; x_wconf 84' lang='grc' dir='ltr'><strong><em>ὅσα</em></strong></span> <span class='ocrx_word' id='word_1_76' title='bbox 965 1230 1041 1315; x_wconf 79' lang='grc' dir='ltr'><strong><em>περὶ</em></strong></span> <span class='ocrx_word' id='word_1_77' title='bbox 1069 1230 1196 1315; x_wconf 79' lang='grc' dir='ltr'><strong><em>ἀρετῶν</em></strong></span> 
     </span>
    </p>

    <p class='ocr_par' dir='ltr' id='par_1_3' title="bbox 140 1334 1270 1849">
     <span class='ocr_line' id='line_1_11' title="bbox 140 1334 1235 1423; baseline 0.002 -21"><span class='ocrx_word' id='word_1_78' title='bbox 140 1357 166 1396; x_wconf 87' lang='lat'><strong><em>10</em></strong></span> <span class='ocrx_word' id='word_1_79' title='bbox 181 1335 434 1423; x_wconf 80' lang='grc' dir='ltr'><strong><em>ἐπιλογιζόμεθα</em></strong></span> <span class='ocrx_word' id='word_1_80' title='bbox 463 1341 629 1420; x_wconf 90' lang='grc' dir='ltr'><strong><em>καθόλου,</em></strong></span> <span class='ocrx_word' id='word_1_81' title='bbox 662 1336 717 1402; x_wconf 83' lang='grc' dir='ltr'><strong><em>καὶ</em></strong></span> <span class='ocrx_word' id='word_1_82' title='bbox 745 1338 806 1402; x_wconf 84' lang='grc' dir='ltr'><strong><em>ὅσα</em></strong></span> <span class='ocrx_word' id='word_1_83' title='bbox 837 1334 913 1423; x_wconf 81' lang='grc' dir='ltr'><strong><em>περὶ</em></strong></span> <span class='ocrx_word' id='word_1_84' title='bbox 941 1337 1147 1422; x_wconf 75' lang='grc' dir='ltr'><strong><em>μαθημάτων</em></strong></span> <span class='ocrx_word' id='word_1_85' title='bbox 1175 1336 1195 1421; x_wconf 79' lang='grc' dir='ltr'><strong><em>ἣ</em></strong></span> <span class='ocrx_word' id='word_1_86' title='bbox 1232 1397 1235 1404; x_wconf 88' lang='grc'><em>.</em></span> 
     </span>
     <span class='ocr_line' id='line_1_12' title="bbox 155 1442 1195 1537; baseline 0 -30"><span class='ocrx_word' id='word_1_87' title='bbox 155 1444 290 1537; x_wconf 79' lang='grc' dir='ltr'><strong><em>Ιίίλλων</em></strong></span> <span class='ocrx_word' id='word_1_88' title='bbox 322 1454 424 1509; x_wconf 93' lang='grc' dir='ltr'><strong><em>τινῶν</em></strong></span> <span class='ocrx_word' id='word_1_89' title='bbox 459 1455 584 1528; x_wconf 87' lang='grc' dir='ltr'><strong><em>τεχνῶν</em></strong></span> <span class='ocrx_word' id='word_1_90' title='bbox 614 1442 634 1526; x_wconf 74' lang='grc' dir='ltr'>ἢ</span> <span class='ocrx_word' id='word_1_91' title='bbox 666 1442 934 1527; x_wconf 74' lang='grc' dir='ltr'><strong><em>ἐπιτηδευμάτων</em></strong></span> <span class='ocrx_word' id='word_1_92' title='bbox 966 1444 1195 1528; x_wconf 79' lang='grc' dir='ltr'><strong><em>μανθάνομεν,</em></strong></span> 
     </span>
     <span class='ocr_line' id='line_1_13' title="bbox 179 1547 1270 1636; baseline -0.005 -23"><span class='ocrx_word' id='word_1_93' title='bbox 179 1552 339 1636; x_wconf 77' lang='grc' dir='ltr'><strong><em>προσήκει</em></strong></span> <span class='ocrx_word' id='word_1_94' title='bbox 368 1549 552 1635; x_wconf 79' lang='grc' dir='ltr'><strong><em>προθύμως</em></strong></span> <span class='ocrx_word' id='word_1_95' title='bbox 575 1547 868 1614; x_wconf 81' lang='grc' dir='ltr'><strong><em>ἀναδιδάσκεσθαι.</em></strong></span> <span class='ocrx_word' id='word_1_96' title='bbox 912 1547 967 1613; x_wconf 79' lang='grc' dir='ltr'><strong><em>καὶ</em></strong></span> <span class='ocrx_word' id='word_1_97' title='bbox 997 1549 1083 1615; x_wconf 82' lang='grc' dir='ltr'><strong><em>οὕτω</em></strong></span> <span class='ocrx_word' id='word_1_98' title='bbox 1111 1552 1194 1635; x_wconf 79' lang='grc' dir='ltr'><strong><em>πρὸς</em></strong></span> <span class='ocrx_word' id='word_1_99' title='bbox 1207 1569 1270 1610; x_wconf 69' lang='grc' dir='ltr'><strong><em>ωε.</em></strong></span> 
     </span>
     <span class='ocr_line' id='line_1_14' title="bbox 180 1653 1195 1741; baseline -0.001 -20"><span class='ocrx_word' id='word_1_100' title='bbox 180 1657 262 1740; x_wconf 81' lang='grc' dir='ltr'><strong><em>ὅλην</em></strong></span> <span class='ocrx_word' id='word_1_101' title='bbox 299 1658 359 1740; x_wconf 77' lang='grc' dir='ltr'><strong><em>τὴν</em></strong></span> <span class='ocrx_word' id='word_1_102' title='bbox 393 1657 599 1741; x_wconf 75' lang='grc' dir='ltr'><strong><em>φιλοσοφίαν</em></strong></span> <span class='ocrx_word' id='word_1_103' title='bbox 634 1653 690 1720; x_wconf 82' lang='grc' dir='ltr'><strong><em>καὶ</em></strong></span> <span class='ocrx_word' id='word_1_104' title='bbox 721 1656 741 1739; x_wconf 77' lang='grc' dir='ltr'><em>ἡ</em></span> <span class='ocrx_word' id='word_1_105' title='bbox 776 1655 840 1720; x_wconf 86' lang='grc' dir='ltr'><strong><em>ἀπὸ</em></strong></span> <span class='ocrx_word' id='word_1_106' title='bbox 876 1663 934 1740; x_wconf 77' lang='grc' dir='ltr'><strong><em>τῆς</em></strong></span> <span class='ocrx_word' id='word_1_107' title='bbox 971 1657 1103 1741; x_wconf 80' lang='grc' dir='ltr'><strong><em>φύσεως</em></strong></span> <span class='ocrx_word' id='word_1_108' title='bbox 1134 1665 1195 1721; x_wconf 90' lang='grc' dir='ltr'><strong><em>τοῦ</em></strong></span> 
     </span>
     <span class='ocr_line' id='line_1_15' title="bbox 181 1760 942 1849; baseline -0.003 -21"><span class='ocrx_word' id='word_1_109' title='bbox 181 1761 364 1846; x_wconf 82' lang='grc' dir='ltr'><strong><em>ἀνθρώπου</em></strong></span> <span class='ocrx_word' id='word_1_110' title='bbox 389 1761 564 1849; x_wconf 85' lang='grc' dir='ltr'><strong><em>ὁρμωμένη</em></strong></span> <span class='ocrx_word' id='word_1_111' title='bbox 587 1760 705 1847; x_wconf 81' lang='grc' dir='ltr'><strong><em>γέγονε</em></strong></span> <span class='ocrx_word' id='word_1_112' title='bbox 729 1763 942 1846; x_wconf 82' lang='grc' dir='ltr'><strong><em>παράκλησις.</em></strong></span> 
     </span>
    </p>

    <p class='ocr_par' dir='ltr' id='par_1_4' title="bbox 141 1865 1195 2379">
     <span class='ocr_line' id='line_1_16' title="bbox 141 1865 1195 1952; baseline -0.002 -18"><span class='ocrx_word' id='word_1_113' title='bbox 141 1887 166 1927; x_wconf 86' lang='lat'><strong><em>1⁵</em></strong></span> <span class='ocrx_word' id='word_1_114' title='bbox 271 1874 423 1934; x_wconf 81' lang='grc' dir='ltr'><strong><em>Ποιείται</em></strong></span> <span class='ocrx_word' id='word_1_115' title='bbox 434 1865 535 1934; x_wconf 78' lang='grc' dir='ltr'><strong><em>δὲκαὶ</em></strong></span> <span class='ocrx_word' id='word_1_116' title='bbox 545 1870 649 1950; x_wconf 79' lang='grc' dir='ltr'><strong><em>ἀλλην</em></strong></span> <span class='ocrx_word' id='word_1_117' title='bbox 665 1869 849 1952; x_wconf 84' lang='grc' dir='ltr'><strong><em>σύμμικτον</em></strong></span> <span class='ocrx_word' id='word_1_118' title='bbox 860 1869 986 1952; x_wconf 77' lang='grc' dir='ltr'><strong><em>ἔφοδον</em></strong></span> <span class='ocrx_word' id='word_1_119' title='bbox 1001 1866 1102 1933; x_wconf 78' lang='grc' dir='ltr'><strong><em>ἐπὶτά</em></strong></span> <span class='ocrx_word' id='word_1_120' title='bbox 1112 1867 1195 1932; x_wconf 86' lang='grc' dir='ltr'><strong><em>αύτδι</em></strong></span> 
     </span>
     <span class='ocr_line' id='line_1_17' title="bbox 180 1969 1195 2061; baseline -0.001 -22"><span class='ocrx_word' id='word_1_121' title='bbox 180 1973 433 2061; x_wconf 82' lang='grc' dir='ltr'><strong><em>προτρέπουσαν</em></strong></span> <span class='ocrx_word' id='word_1_122' title='bbox 452 1969 520 2039; x_wconf 75' lang='grc' dir='ltr'><strong><em>ὧδέ</em></strong></span> <span class='ocrx_word' id='word_1_123' title='bbox 535 1993 617 2050; x_wconf 77' lang='grc' dir='ltr'><strong><em>πως·</em></strong></span> <span class='ocrx_word' id='word_1_124' title='bbox 641 1973 799 2057; x_wconf 67' lang='grc' dir='ltr'><strong><em>’γέγονε</em></strong></span> <span class='ocrx_word' id='word_1_125' title='bbox 818 1971 882 2039; x_wconf 82' lang='grc' dir='ltr'><strong><em>καλ</em></strong></span> <span class='ocrx_word' id='word_1_126' title='bbox 901 1972 1071 2040; x_wconf 82' lang='grc' dir='ltr'><strong><em>συνέστα</em></strong></span> <span class='ocrx_word' id='word_1_127' title='bbox 1091 1973 1109 2039; x_wconf 89' lang='grc' dir='ltr'><strong>ὁ</strong></span> <span class='ocrx_word' id='word_1_128' title='bbox 1128 1975 1195 2038; x_wconf 81' lang='grc' dir='ltr'><strong><em>ἀν-</em></strong></span> 
     </span>
     <span class='ocr_line' id='line_1_18' title="bbox 180 2081 1195 2175; baseline 0.001 -31"><span class='ocrx_word' id='word_1_129' title='bbox 180 2087 340 2175; x_wconf 78' lang='grc' dir='ltr'><strong><em>θρωπος</em></strong></span> <span class='ocrx_word' id='word_1_130' title='bbox 361 2081 480 2146; x_wconf 89' lang='grc' dir='ltr'><strong><em>ποττὸ</em></strong></span> <span class='ocrx_word' id='word_1_131' title='bbox 503 2087 710 2166; x_wconf 75' lang='grc' dir='ltr'><strong><em>θεωρῆσαι</em></strong></span> <span class='ocrx_word' id='word_1_132' title='bbox 732 2082 801 2145; x_wconf 91' lang='grc' dir='ltr'><strong><em>τὸν</em></strong></span> <span class='ocrx_word' id='word_1_133' title='bbox 824 2082 944 2163; x_wconf 89' lang='grc' dir='ltr'><strong><em>λόγον</em></strong></span> <span class='ocrx_word' id='word_1_134' title='bbox 966 2081 1033 2158; x_wconf 80' lang='grc' dir='ltr'><strong><em>τὰς</em></strong></span> <span class='ocrx_word' id='word_1_135' title='bbox 1050 2090 1100 2145; x_wconf 86' lang='grc' dir='ltr'><strong><em>τῶ</em></strong></span> <span class='ocrx_word' id='word_1_136' title='bbox 1120 2081 1195 2156; x_wconf 83' lang='grc' dir='ltr'><strong><em>ὅλω</em></strong></span> 
     </span>
     <span class='ocr_line' id='line_1_19' title="bbox 181 2182 1195 2272; baseline 0 -22"><span class='ocrx_word' id='word_1_137' title='bbox 181 2185 339 2270; x_wconf 81' lang='grc' dir='ltr'><strong><em>φύσιος·</em></strong></span> <span class='ocrx_word' id='word_1_138' title='bbox 362 2183 426 2252; x_wconf 81' lang='grc' dir='ltr'><strong><em>καὶ</em></strong></span> <span class='ocrx_word' id='word_1_139' title='bbox 445 2196 511 2263; x_wconf 80' lang='grc' dir='ltr'><strong><em>τᾶς</em></strong></span> <span class='ocrx_word' id='word_1_140' title='bbox 530 2190 674 2271; x_wconf 80' lang='grc' dir='ltr'><strong><em>σοφίας</em></strong></span> <span class='ocrx_word' id='word_1_141' title='bbox 693 2182 745 2252; x_wconf 82' lang='grc' dir='ltr'><strong><em>ὦν</em></strong></span> <span class='ocrx_word' id='word_1_142' title='bbox 764 2189 880 2272; x_wconf 82' lang='grc' dir='ltr'><strong><em>ἔργον</em></strong></span> <span class='ocrx_word' id='word_1_143' title='bbox 900 2187 1112 2270; x_wconf 86' lang='grc' dir='ltr'><strong><em>&lt;κτᾶσθαι&gt;</em></strong></span> <span class='ocrx_word' id='word_1_144' title='bbox 1131 2184 1195 2251; x_wconf 77' lang='grc' dir='ltr'><strong><em>καὶ</em></strong></span> 
     </span>
     <span class='ocr_line' id='line_1_20' title="bbox 180 2288 1195 2379; baseline 0.001 -22"><span class='ocrx_word' id='word_1_145' title='bbox 180 2288 333 2378; x_wconf 74' lang='grc' dir='ltr'><strong><em>θεωρὲν</em></strong></span> <span class='ocrx_word' id='word_1_146' title='bbox 356 2295 429 2358; x_wconf 84' lang='grc' dir='ltr'><strong><em>τὰν</em></strong></span> <span class='ocrx_word' id='word_1_147' title='bbox 451 2304 527 2359; x_wconf 90' lang='grc' dir='ltr'><strong><em>τῶν</em></strong></span> <span class='ocrx_word' id='word_1_148' title='bbox 551 2293 700 2359; x_wconf 77' lang='grc' dir='ltr'><strong><em>ἐόντων</em></strong></span> <span class='ocrx_word' id='word_1_149' title='bbox 723 2292 948 2379; x_wconf 83' lang='grc' dir='ltr'><strong><em>φρύνασιυ.’</em></strong></span> <span class='ocrx_word' id='word_1_150' title='bbox 986 2293 1066 2376; x_wconf 82' lang='grc' dir='ltr'><strong><em>ὃδή</em></strong></span> <span class='ocrx_word' id='word_1_151' title='bbox 1085 2315 1195 2378; x_wconf 87' lang='grc' dir='ltr'><strong><em>φαμεν</em></strong></span> 
     </span>
    </p>

    <p class='ocr_par' dir='ltr' id='par_1_5' title="bbox 142 2398 1322 2805">
     <span class='ocr_line' id='line_1_21' title="bbox 142 2398 1322 2489; baseline 0.001 -26"><span class='ocrx_word' id='word_1_152' title='bbox 142 2417 169 2457; x_wconf 77' lang='lat'><strong><em>20</em></strong></span> <span class='ocrx_word' id='word_1_153' title='bbox 185 2399 222 2464; x_wconf 83' lang='grc' dir='ltr'><strong><em>ἐν</em></strong></span> <span class='ocrx_word' id='word_1_154' title='bbox 237 2399 376 2476; x_wconf 81' lang='grc' dir='ltr'><strong><em>,τούτοις</em></strong></span> <span class='ocrx_word' id='word_1_155' title='bbox 398 2400 593 2483; x_wconf 87' lang='grc' dir='ltr'><strong><em>σύμμικτον,</em></strong></span> <span class='ocrx_word' id='word_1_156' title='bbox 617 2398 725 2465; x_wconf 79' lang='grc' dir='ltr'><strong><em>ἐκεῖνό</em></strong></span> <span class='ocrx_word' id='word_1_157' title='bbox 744 2400 827 2466; x_wconf 79' lang='grc' dir='ltr'><strong><em>ἐστι·</em></strong></span> <span class='ocrx_word' id='word_1_158' title='bbox 849 2407 889 2484; x_wconf 74' lang='grc' dir='ltr'><strong><em>τῇ</em></strong></span> <span class='ocrx_word' id='word_1_159' title='bbox 912 2400 976 2483; x_wconf 81' lang='grc' dir='ltr'><strong><em>γὰρ</em></strong></span> <span class='ocrx_word' id='word_1_160' title='bbox 1001 2399 1070 2485; x_wconf 82' lang='grc' dir='ltr'><strong><em>ίδίηι</em></strong></span> <span class='ocrx_word' id='word_1_161' title='bbox 1094 2400 1194 2481; x_wconf 88' lang='grc' dir='ltr'><strong><em>φύσει</em></strong></span> <span class='ocrx_word' id='word_1_162' title='bbox 1321 2485 1322 2489; x_wconf 9' lang='lat'>¹</span> 
     </span>
     <span class='ocr_line' id='line_1_22' title="bbox 181 2504 1194 2592; baseline 0.001 -23"><span class='ocrx_word' id='word_1_163' title='bbox 181 2506 243 2588; x_wconf 81' lang='grc' dir='ltr'><strong><em>την</em></strong></span> <span class='ocrx_word' id='word_1_164' title='bbox 266 2506 384 2589; x_wconf 78' lang='grc' dir='ltr'><strong><em>κοινὴν</em></strong></span> <span class='ocrx_word' id='word_1_165' title='bbox 410 2505 641 2592; x_wconf 80' lang='grc' dir='ltr'><strong><em>συνεκέρασεν,</em></strong></span> <span class='ocrx_word' id='word_1_166' title='bbox 666 2506 712 2582; x_wconf 81' lang='grc' dir='ltr'><strong><em>ὡς</em></strong></span> <span class='ocrx_word' id='word_1_167' title='bbox 735 2504 883 2591; x_wconf 79' lang='grc' dir='ltr'><strong><em>ἐχουσῶν</em></strong></span> <span class='ocrx_word' id='word_1_168' title='bbox 906 2505 1034 2570; x_wconf 90' lang='grc' dir='ltr'><strong><em>τούτων</em></strong></span> <span class='ocrx_word' id='word_1_169' title='bbox 1058 2521 1194 2590; x_wconf 91' lang='grc' dir='ltr'><strong><em>συμφω-</em></strong></span> 
     </span>
     <span class='ocr_line' id='line_1_23' title="bbox 181 2609 1194 2698; baseline 0.001 -23"><span class='ocrx_word' id='word_1_170' title='bbox 181 2614 259 2676; x_wconf 91' lang='grc' dir='ltr'><strong><em>νίαν</em></strong></span> <span class='ocrx_word' id='word_1_171' title='bbox 281 2614 364 2698; x_wconf 81' lang='grc' dir='ltr'><strong><em>πρὸς</em></strong></span> <span class='ocrx_word' id='word_1_172' title='bbox 387 2610 538 2694; x_wconf 76' lang='grc' dir='ltr'><strong><em>ἀλλήλας.</em></strong></span> <span class='ocrx_word' id='word_1_173' title='bbox 580 2612 612 2675; x_wconf 88' lang='grc' dir='ltr'><strong><em>εί</em></strong></span> <span class='ocrx_word' id='word_1_174' title='bbox 632 2611 696 2696; x_wconf 79' lang='grc' dir='ltr'><strong><em>γὰρ</em></strong></span> <span class='ocrx_word' id='word_1_175' title='bbox 715 2613 734 2675; x_wconf 84' lang='grc' dir='ltr'>ὅ</span> <span class='ocrx_word' id='word_1_176' title='bbox 752 2634 787 2676; x_wconf 91' lang='grc' dir='ltr'><strong><em>τε</em></strong></span> <span class='ocrx_word' id='word_1_177' title='bbox 805 2612 904 2693; x_wconf 82' lang='grc' dir='ltr'><strong><em>λόγος</em></strong></span> <span class='ocrx_word' id='word_1_178' title='bbox 925 2618 987 2675; x_wconf 88' lang='grc' dir='ltr'><strong><em>τοῦ</em></strong></span> <span class='ocrx_word' id='word_1_179' title='bbox 1010 2609 1194 2696; x_wconf 86' lang='grc' dir='ltr'><strong><em>ἀνθρώπου</em></strong></span> 
     </span>
     <span class='ocr_line' id='line_1_24' title="bbox 181 2716 1321 2805; baseline 0.001 -24"><span class='ocrx_word' id='word_1_180' title='bbox 181 2720 387 2803; x_wconf 80' lang='grc' dir='ltr'><strong><em>θεωρητικός</em></strong></span> <span class='ocrx_word' id='word_1_181' title='bbox 414 2716 504 2782; x_wconf 79' lang='grc' dir='ltr'><strong><em>ἐστιν</em></strong></span> <span class='ocrx_word' id='word_1_182' title='bbox 532 2716 568 2782; x_wconf 77' lang='grc' dir='ltr'><strong><em>ἐν</em></strong></span> <span class='ocrx_word' id='word_1_183' title='bbox 596 2725 641 2805; x_wconf 76' lang='grc' dir='ltr'><strong><em>τῷ</em></strong></span> <span class='ocrx_word' id='word_1_184' title='bbox 671 2720 758 2805; x_wconf 85' lang='grc' dir='ltr'><strong><em>λύγφ</em></strong></span> <span class='ocrx_word' id='word_1_185' title='bbox 786 2726 853 2794; x_wconf 79' lang='grc' dir='ltr'><strong><em>τᾶς</em></strong></span> <span class='ocrx_word' id='word_1_186' title='bbox 879 2727 928 2782; x_wconf 91' lang='grc' dir='ltr'><strong><em>τῶ</em></strong></span> <span class='ocrx_word' id='word_1_187' title='bbox 953 2717 1027 2782; x_wconf 84' lang='grc' dir='ltr'><strong><em>ὅλω</em></strong></span> <span class='ocrx_word' id='word_1_188' title='bbox 1052 2718 1195 2801; x_wconf 79' lang='grc' dir='ltr'><strong><em>φύσιος</em></strong></span> <span class='ocrx_word' id='word_1_189' title='bbox 1320 2746 1321 2761; x_wconf 55' lang='lat'>¹</span> 
     </span>
    </p>

    <p class='ocr_par' dir='ltr' id='par_1_6' title="bbox 76 2819 1194 2909">
     <span class='ocr_line' id='line_1_25' title="bbox 76 2819 1194 2909; baseline 0.001 -21"><span class='ocrx_word' id='word_1_190' title='bbox 76 2819 79 2828; x_wconf 73' lang='grc'><em>’</em></span> <span class='ocrx_word' id='word_1_191' title='bbox 181 2821 237 2888; x_wconf 79' lang='grc' dir='ltr'><strong><em>καί</em></strong></span> <span class='ocrx_word' id='word_1_192' title='bbox 263 2824 284 2908; x_wconf 77' lang='grc' dir='ltr'><em>ἡ</em></span> <span class='ocrx_word' id='word_1_193' title='bbox 313 2827 416 2908; x_wconf 90' lang='grc' dir='ltr'><strong><em>σοφία</em></strong></span> <span class='ocrx_word' id='word_1_194' title='bbox 443 2832 504 2889; x_wconf 83' lang='grc' dir='ltr'><strong><em>τοῦ</em></strong></span> <span class='ocrx_word' id='word_1_195' title='bbox 532 2823 715 2909; x_wconf 85' lang='grc' dir='ltr'><strong><em>ἀνθρώπου</em></strong></span> <span class='ocrx_word' id='word_1_196' title='bbox 747 2832 862 2890; x_wconf 82' lang='grc' dir='ltr'><strong><em>κτᾶται</em></strong></span> <span class='ocrx_word' id='word_1_197' title='bbox 893 2821 948 2888; x_wconf 81' lang='grc' dir='ltr'><strong><em>καὶ</em></strong></span> <span class='ocrx_word' id='word_1_198' title='bbox 979 2828 1105 2908; x_wconf 78' lang='grc' dir='ltr'><strong><em>θεωρεῖ</em></strong></span> <span class='ocrx_word' id='word_1_199' title='bbox 1125 2824 1194 2889; x_wconf 82' lang='grc' dir='ltr'><strong><em>τάν</em></strong></span> 
     </span>
    </p>

    <p class='ocr_par' dir='ltr' id='par_1_7' title="bbox 142 2924 1320 3016">
     <span class='ocr_line' id='line_1_26' title="bbox 142 2924 1320 3016; baseline -0.002 -24"><span class='ocrx_word' id='word_1_200' title='bbox 142 2946 169 2987; x_wconf 81' lang='lat'><strong><em>2⁵</em></strong></span> <span class='ocrx_word' id='word_1_201' title='bbox 183 2939 258 2994; x_wconf 88' lang='grc' dir='ltr'><strong><em>τῶν</em></strong></span> <span class='ocrx_word' id='word_1_202' title='bbox 291 2928 436 2996; x_wconf 79' lang='grc' dir='ltr'><strong><em>ἐόντων</em></strong></span> <span class='ocrx_word' id='word_1_203' title='bbox 469 2933 683 3016; x_wconf 89' lang='grc' dir='ltr'><strong><em>φρόνασιν,</em></strong></span> <span class='ocrx_word' id='word_1_204' title='bbox 716 2930 802 3015; x_wconf 85' lang='grc' dir='ltr'><strong><em>ὁμοῦ</em></strong></span> <span class='ocrx_word' id='word_1_205' title='bbox 833 2927 894 3015; x_wconf 69' lang='grc' dir='ltr'><strong><em>μὲν</em></strong></span> <span class='ocrx_word' id='word_1_206' title='bbox 922 2930 1082 3013; x_wconf 85' lang='grc' dir='ltr'><strong><em>ὁμολογία</em></strong></span> <span class='ocrx_word' id='word_1_207' title='bbox 1110 2924 1194 2996; x_wconf 85' lang='grc' dir='ltr'><strong><em>οὖσα</em></strong></span> <span class='ocrx_word' id='word_1_208' title='bbox 1319 2933 1320 2990; x_wconf 79' lang='grc' dir='ltr'><strong><em>λ</em></strong></span> 
     </span>
    </p>

    <p class='ocr_par' dir='ltr' id='par_1_8' title="bbox 182 3019 1275 3122">
     <span class='ocr_line' id='line_1_27' title="bbox 182 3019 1275 3122; baseline 0.002 -23"><span class='ocrx_word' id='word_1_209' title='bbox 182 3033 412 3102; x_wconf 79' lang='grc' dir='ltr'><strong><em>ἀποδέδεικται</em></strong></span> <span class='ocrx_word' id='word_1_210' title='bbox 447 3045 505 3122; x_wconf 81' lang='grc' dir='ltr'><strong><em>τῆς</em></strong></span> <span class='ocrx_word' id='word_1_211' title='bbox 537 3045 691 3121; x_wconf 79' lang='grc' dir='ltr'><strong><em>μεριστῆς</em></strong></span> <span class='ocrx_word' id='word_1_212' title='bbox 722 3045 783 3103; x_wconf 86' lang='grc' dir='ltr'><strong><em>τοῦ</em></strong></span> <span class='ocrx_word' id='word_1_213' title='bbox 820 3039 922 3121; x_wconf 90' lang='grc' dir='ltr'><strong><em>λόγου</em></strong></span> <span class='ocrx_word' id='word_1_214' title='bbox 953 3033 1008 3102; x_wconf 76' lang='grc' dir='ltr'><strong><em>καί</em></strong></span> <span class='ocrx_word' id='word_1_215' title='bbox 1044 3045 1102 3121; x_wconf 82' lang='grc' dir='ltr'><strong><em>τῆς</em></strong></span> <span class='ocrx_word' id='word_1_216' title='bbox 1132 3045 1194 3101; x_wconf 86' lang='grc' dir='ltr'><strong><em>τοῦ</em></strong></span> <span class='ocrx_word' id='word_1_217' title='bbox 1208 3019 1275 3114; x_wconf 60' lang='lat'><strong><em>{3}</em></strong></span> 
     </span>
    </p>
   </div>
   <div class='ocr_carea' id='block_1_3' title="bbox 182 3139 1195 3229">
    <p class='ocr_par' dir='ltr' id='par_1_9' title="bbox 182 3139 1195 3229">
     <span class='ocr_line' id='line_1_28' title="bbox 182 3139 1195 3229; baseline 0.001 -22"><span class='ocrx_word' id='word_1_218' title='bbox 182 3141 264 3207; x_wconf 85' lang='grc' dir='ltr'><strong><em>ὅλου</em></strong></span> <span class='ocrx_word' id='word_1_219' title='bbox 287 3151 405 3227; x_wconf 80' lang='grc' dir='ltr'><strong><em>νοερᾶς</em></strong></span> <span class='ocrx_word' id='word_1_220' title='bbox 428 3144 570 3227; x_wconf 84' lang='grc' dir='ltr'><strong><em>φύσεως,</em></strong></span> <span class='ocrx_word' id='word_1_221' title='bbox 596 3143 682 3227; x_wconf 86' lang='grc' dir='ltr'><strong><em>ὁμοῦ</em></strong></span> <span class='ocrx_word' id='word_1_222' title='bbox 705 3139 742 3209; x_wconf 71' lang='grc' dir='ltr'><strong><em>δὲ</em></strong></span> <span class='ocrx_word' id='word_1_223' title='bbox 764 3139 819 3208; x_wconf 81' lang='grc' dir='ltr'><strong><em>καὶ</em></strong></span> <span class='ocrx_word' id='word_1_224' title='bbox 842 3142 862 3226; x_wconf 78' lang='grc' dir='ltr'><em>ἡ</em></span> <span class='ocrx_word' id='word_1_225' title='bbox 887 3144 1056 3229; x_wconf 81' lang='grc' dir='ltr'><strong><em>προτροπὴ</em></strong></span> <span class='ocrx_word' id='word_1_226' title='bbox 1079 3148 1195 3208; x_wconf 89' lang='grc' dir='ltr'><strong><em>τελεω-</em></strong></span> 
     </span>
    </p>
   </div>
   <div class='ocr_carea' id='block_1_4' title="bbox 273 3330 1194 3406">
    <p class='ocr_par' dir='ltr' id='par_1_10' title="bbox 273 3330 1194 3406">
     <span class='ocr_line' id='line_1_29' title="bbox 273 3330 1194 3406; baseline 0.003 -18"><span class='ocrx_word' id='word_1_227' title='bbox 273 3339 315 3389; x_wconf 83' lang='grc'><strong><em>16.</em></strong></span> <span class='ocrx_word' id='word_1_228' title='bbox 332 3340 364 3389; x_wconf 85' lang='grc'><strong><em>19</em></strong></span> <span class='ocrx_word' id='word_1_229' title='bbox 384 3333 483 3405; x_wconf 72' lang='grc' dir='ltr'><strong><em>γέγονε</em></strong></span> <span class='ocrx_word' id='word_1_230' title='bbox 495 3330 679 3406; x_wconf 86' lang='grc' dir='ltr'><strong><em>-φρόναων</em></strong></span> <span class='ocrx_word' id='word_1_231' title='bbox 698 3335 856 3390; x_wconf 75' lang='lat' dir='ltr'>Perictione</span> <span class='ocrx_word' id='word_1_232' title='bbox 875 3351 920 3404; x_wconf 76' lang='lat' dir='ltr'><strong><em>ap.</em></strong></span> <span class='ocrx_word' id='word_1_233' title='bbox 940 3333 1017 3391; x_wconf 77' lang='lat' dir='ltr'>Stob.</span> <span class='ocrx_word' id='word_1_234' title='bbox 1036 3335 1138 3404; x_wconf 52' lang='lat' dir='ltr'><strong>Pion}</strong></span> <span class='ocrx_word' id='word_1_235' title='bbox 1152 3342 1194 3392; x_wconf 77' lang='lat'><strong><em>62.</em></strong></span> 
     </span>
    </p>
   </div>
   <div class='ocr_carea' id='block_1_5' title="bbox 184 3446 397 3458">
    <p class='ocr_par' dir='ltr' id='par_1_11' title="bbox 184 3446 397 3458">
     <span class='ocr_line' id='line_1_30' title="bbox 184 3446 397 3458; baseline 0.009 -4"><span class='ocrx_word' id='word_1_236' title='bbox 184 3446 397 3458; x_wconf 74' lang='lat'><strong>——-.-....</strong></span> 
     </span>
    </p>
   </div>
   <div class='ocr_carea' id='block_1_6' title="bbox 184 3503 1195 3654">
    <p class='ocr_par' dir='ltr' id='par_1_12' title="bbox 184 3503 1195 3654">
     <span class='ocr_line' id='line_1_31' title="bbox 272 3503 1195 3585; baseline 0.004 -21"><span class='ocrx_word' id='word_1_237' title='bbox 272 3517 288 3564; x_wconf 86' lang='lat'>8</span> <span class='ocrx_word' id='word_1_238' title='bbox 307 3506 392 3579; x_wconf 75' lang='grc' dir='ltr'><strong><em>ὁρμαί</em></strong></span> <span class='ocrx_word' id='word_1_239' title='bbox 407 3510 524 3582; x_wconf 66' lang='grc' dir='ltr'><strong><em>Ἦλελλίλλ</em></strong></span> <span class='ocrx_word' id='word_1_240' title='bbox 540 3506 578 3567; x_wconf 81' lang='lat'><strong><em>18&#39;</em></strong></span> <span class='ocrx_word' id='word_1_241' title='bbox 587 3513 689 3580; x_wconf 79' lang='grc' dir='ltr'><strong><em>σοφίας</em></strong></span> <span class='ocrx_word' id='word_1_242' title='bbox 703 3503 743 3567; x_wconf 70' lang='grc' dir='ltr'><strong><em>οἶν</em></strong></span> <span class='ocrx_word' id='word_1_243' title='bbox 758 3511 917 3581; x_wconf 75' lang='lat' dir='ltr'>scripsitK:</span> <span class='ocrx_word' id='word_1_244' title='bbox 933 3513 1047 3580; x_wconf 63' lang='lat' dir='ltr'><strong><em>cuddae·</em></strong></span> <span class='ocrx_word' id='word_1_245' title='bbox 1062 3505 1195 3585; x_wconf 68' lang='grc' dir='ltr'><strong><em>ὦνΙλιιτᾶ-</em></strong></span> 
     </span>
     <span class='ocr_line' id='line_1_32' title="bbox 184 3577 1093 3654; baseline 0.004 -20"><span class='ocrx_word' id='word_1_246' title='bbox 184 3583 253 3640; x_wconf 81' lang='grc' dir='ltr'><strong><em>σθαι</em></strong></span> <span class='ocrx_word' id='word_1_247' title='bbox 272 3579 381 3635; x_wconf 76' lang='lat' dir='ltr'><strong>addidit</strong></span> <span class='ocrx_word' id='word_1_248' title='bbox 399 3582 425 3636; x_wconf 91' lang='grc' dir='ltr'><strong><em>Κ</em></strong></span> <span class='ocrx_word' id='word_1_249' title='bbox 438 3584 447 3652; x_wconf 74' lang='grc' dir='ltr'><strong><em>ΙΙ</em></strong></span> <span class='ocrx_word' id='word_1_250' title='bbox 462 3587 495 3636; x_wconf 85' lang='grc'><strong><em>19</em></strong></span> <span class='ocrx_word' id='word_1_251' title='bbox 514 3579 625 3652; x_wconf 76' lang='grc' dir='ltr'><strong><em>θὲωρεν</em></strong></span> <span class='ocrx_word' id='word_1_252' title='bbox 639 3583 648 3652; x_wconf 73' lang='grc' dir='ltr'><strong><em>ΙΙ</em></strong></span> <span class='ocrx_word' id='word_1_253' title='bbox 662 3588 696 3636; x_wconf 78' lang='grc'><strong><em>23</em></strong></span> <span class='ocrx_word' id='word_1_254' title='bbox 715 3583 752 3637; x_wconf 78' lang='grc' dir='ltr'><strong><em>τῶ</em></strong></span> <span class='ocrx_word' id='word_1_255' title='bbox 772 3577 827 3638; x_wconf 71' lang='grc' dir='ltr'><strong><em>’ὄλω</em></strong></span> <span class='ocrx_word' id='word_1_256' title='bbox 847 3582 928 3640; x_wconf 71' lang='lat' dir='ltr'><strong>Gale:</strong></span> <span class='ocrx_word' id='word_1_257' title='bbox 947 3584 985 3638; x_wconf 84' lang='grc' dir='ltr'><strong><em>τῶ</em></strong></span> <span class='ocrx_word' id='word_1_258' title='bbox 1004 3579 1093 3654; x_wconf 55' lang='grc' dir='ltr'><strong><em>λόγω..</em></strong></span> 
     </span>
    </p>
   </div>
   <div class='ocr_carea' id='block_1_7' title="bbox 0 0 1342 3932">
    <p class='ocr_par' dir='ltr' id='par_1_13' title="bbox 0 0 1342 3932">
     <span class='ocr_line' id='line_1_33' title="bbox 0 0 1342 3932; baseline 0 0"><span class='ocrx_word' id='word_1_259' title='bbox 0 0 1342 3932; x_wconf 95' lang='lat' dir='ltr'><strong><em> </em></strong></span> 
     </span>
    </p>
   </div>
  </div>
 </body>
</html>
