2674 3932
181 189 222 252 10
588 185 781 242 IAMBLICHI

179 353 387 434 λογιζόμεθα.
433 348 569 415 καὶτὸν
592 350 677 414 θεὸν
700 350 870 432 σεβόμεθα
892 349 974 413 κατὰ
996 350 1138 433 τρόπον,
1164 350 1196 413 εί

177 457 238 522 τὸν
276 456 312 521 έν
348 456 429 540 ἡμῖν
465 464 551 521 νοῦν
585 455 897 541 παρασκευάσαιμεν
933 455 1040 539 πόσης
1079 457 1194 532 κακίας

179 562 289 644 ὥσπερ
316 562 407 639 τινὸς
434 564 570 646 κηλῖδος
600 563 761 647 καθαρόν.
807 559 992 646 κοσμητέου
1017 561 1108 646 ίερὸυ
1131 556 1195 644 μὲν

179 667 387 753 ἀναθήμασι,
418 670 480 752 τὴν
508 665 545 733 δέ
572 668 683 752 ψυχὴν
711 669 915 752 μαθήμασιν.
961 667 1005 744 ὡς
1032 669 1096 753 πρὸ
1125 676 1193 732 τῶν
1325 723 1326 744 2

151 801 164 842 ε
177 775 330 858 μεγάλων
362 777 555 862 μυστηρίων
586 775 623 840 τὸ
657 775 756 860 μικρὰ
788 771 1010 859 παραδοτέον,
1042 771 1098 838 καὶ
1127 773 1192 858 πρὸ
1324 797 1326 810 ’

177 884 381 966 φιλοσοφίας
403 882 566 946 παιδείαν.
612 880 630 945 ὁ
654 876 716 965 μέν
738 888 796 964 τῆς
825 889 885 963 γῆς
907 880 1032 964 καρπὸς
1056 873 1100 944 δι’
1127 877 1193 943 έυι-

178 997 296 1070 αυτοῦ,
326 984 405 1053 καθ’
433 986 573 1052 ἕκαστον
596 983 634 1052 δὲ
661 988 749 1073 ὥρας
776 989 896 1072 μόριον
925 986 942 1051 ὁ
968 987 1068 1071 <της>
1098 990 1193 1070 φιλο-

179 1094 301 1178 σοφίας
323 1093 529 1159 ἀποδίδοται.
571 1093 723 1179 καθάπερ
746 1093 855 1178 χώρας
878 1092 1019 1176 μάλιστα
1042 1091 1193 1176 ἐπιμελη-

177 1196 254 1264 τέον
276 1207 321 1287 τῷ
345 1209 402 1284 της
426 1200 562 1286 ἀρίστης
584 1198 784 1283 ἐπιτυχόυτι,
807 1196 862 1264 καί
883 1206 1001 1282 ψυχῆς,
1025 1198 1113 1274 ὅπως
1134 1205 1194 1280 τῆς

138 1333 163 1371 10
177 1305 310 1389 φύσεως
333 1305 427 1384 ἄξιον
451 1304 624 1390 ένέγκηται
646 1307 706 1370 τὸν
728 1308 866 1391 καρπόν.
1327 1347 1328 1358 ι

272 1417 417 1478 Τοιαῦτα
437 1414 479 1477 όίυ
498 1437 547 1490 τις
565 1412 629 1478 ἀπὸ
648 1422 715 1477 τῶν
734 1411 886 1498 ἐναργῶν
903 1413 1054 1496 γνωμικδι
1073 1410 1192 1495 ὁμοιώ-

69 1585 73 1592 ,
177 1542 262 1602 ματα
290 1517 558 1605 παρατιθέμενος
586 1529 708 1595 κοινῶς
736 1516 777 1583 ἂν
805 1519 852 1594 είς
879 1521 1086 1602 φιλοσοφίαν
1112 1538 1192 1604 προ-

177 1623 338 1711 τρέψειεν.
1325 1639 1330 1744 η

264 1731 322 1797 ΠΙ.
346 1729 441 1796 ’Ἐστι
464 1728 501 1796 δὲ
524 1728 580 1796 καλ
608 1732 707 1808 ἄλλος
729 1731 832 1807 τύπος
854 1730 1001 1815 γνώμαις
1023 1731 1193 1815 χρώμενος
1207 1753 1272 1792 εεκ.
1319 1748 1330 1788 ε

136 1861 161 1901 16
175 1834 232 1901 καὶ
250 1837 360 1919 αὐτός,
379 1836 489 1903 οὐκέτι
508 1833 545 1901 δὲ
565 1838 620 1901 διδι
639 1839 830 1921 παραβολῆς
846 1834 1116 1922 ἀντιπαρατιθεὶς
1134 1839 1192 1915 τὰς
1206 1857 1257 1898 τε.
1326 1803 1330 1876 δ

175 1942 365 2027 ὁμοιώσεις,
389 1945 547 2028 ἔμμετρος
568 1939 625 2007 καὶ
648 1940 861 2027 ἐναρμόνιος,
884 1943 1023 2024 γνήσιος
1045 1953 1111 2007 τῶν
1135 1942 1192 2008 ἀν-

176 2049 267 2133 δρῶν
295 2049 440 2131 τούτων,
471 2047 511 2113 ὃν
539 2050 658 2132 ἔχομεν
686 2050 926 2132 παρειληφότες
956 2048 992 2114 ἐν
1016 2050 1130 2126 ἄλλοις
1156 2071 1192 2115 τε

175 2151 231 2218 καί
254 2154 296 2219 ἐν.
313 2165 382 2231 τοῖς
406 2158 552 2239 Χρυσοίς
576 2156 705 2237 ἔπεσιν,
734 2149 781 2219 ὧν
805 2154 901 2239 ὀλίγα
930 2157 1009 2221 ἄττα
1033 2157 1191 2241 δείγματα

175 2258 386 2346 παραθετέου
409 2261 449 2324 τὰ
471 2269 621 2326 τοιαῦτα·

136 2408 162 2447 νο
219 2393 323 2449 ταῦτα
344 2388 458 2469 πόνει,
485 2382 578 2450 ταῦτ’
605 2383 774 2470 έκμελέτα,
797 2385 927 2450 τούτων
950 2387 1012 2472 χρη
1037 2385 1117 2472 έρῦυ
1140 2404 1189 2452 σε·

219 2491 322 2557 ταῦτα
345 2508 382 2557 σε
406 2500 463 2576 τῆς
486 2494 583 2568 θείας
606 2491 722 2578 ἀρετῆς
746 2493 793 2568 είς
817 2497 907 2576 ίχυια
930 2496 1040 2577 θήσει.

176 2616 231 2679 διὰ
266 2617 331 2702 γὰρ
368 2617 496 2681 τούτων
534 2617 580 2691 είς
612 2616 720 2679 πάντα
752 2616 792 2680 τδι
828 2618 912 2681 καλὰ
943 2617 1124 2701 μαθήματά
1155 2641 1190 2683 τε

174 2719 230 2786 καὶ
257 2721 500 2806 ἐπιτηδεύματα
526 2718 720 2805 προτρέπει,
752 2722 833 2805 μήτε
864 2723 978 2786 πόνων
1011 2724 1191 2806 φείδεσθαι

177 2828 329 2910 οἰόμενος
362 2827 434 2891 δεῖν
441 2874 450 2908 ,
483 2827 564 2909 μήτε
596 2824 734 2910 μελέτην
762 2825 899 2910 ὑφιέναι
931 2828 1113 2911 μηδεμίαν,
1145 2831 1192 2906 είς

136 2955 162 2994 ετ
177 2933 283 3023 ἔρωτά
312 2955 347 2997 τε
375 2930 431 2996 καὶ
457 2935 652 3018 προθυμίαν
679 2943 747 2997 τῶν
774 2938 885 2999 καλῶν
914 2935 1102 3022 διεγείρων,
1136 2934 1193 3000 καὶ

264 3097 288 3145 3.
308 3095 325 3143 4
343 3085 499 3156 κοσμητέον
519 3120 552 3127 -
571 3087 695 3160 μαθήμ]
715 3090 750 3144 cf.
771 3089 849 3144 Stob.
868 3090 928 3146 Ecl.
948 3091 975 3145 ΙΙ
993 3098 1037 3158 31,
1055 3098 1089 3146 53
1109 3095 1146 3161 (v.
1165 3091 1192 3144 ΙΙ

173 3179 200 3232 p.
215 3167 277 3230 210,
293 3167 375 3232 16εη,
391 3159 547 3230 Waehsm.)
562 3161 571 3230 ΙΙ
584 3165 609 3213 4.
625 3165 640 3214 6
661 3158 699 3222 ὡς
717 3192 750 3202 -
769 3161 917 3233 παιδείαν]
939 3163 974 3217 cf.
990 3163 1067 3218 θεοῦ.
1083 3164 1102 3218 l.
1117 3181 1139 3218 c.
1156 3169 1190 3218 27

174 3235 214 3302 (p.
232 3237 293 3299 206,
309 3238 343 3286 26
353 3235 424 3301 sqq.)
438 3232 448 3300 ΙΙ
461 3237 496 3287 20
506 3248 546 3299 sq.
566 3230 656 3288 (λειω.
670 3231 736 3287 Aur.
751 3249 795 3287 vv.
805 3237 840 3286 45
851 3249 893 3302 sq.

192 3409 194 3416 ·
265 3380 278 3427 1
294 3374 342 3427 καλ
357 3371 433 3427 delet
443 3371 542 3428 Vitelli
554 3374 564 3443 ΙΙ
578 3379 593 3427 ’ί
608 3373 658 3442 τῆς
670 3372 817 3428 addiditK
830 3377 839 3445 ΙΙ
854 3379 887 3430 10
899 3369 999 3446 ένέγκη
1010 3375 1060 3430 καλ
1069 3375 1140 3431 coni.
1149 3375 1174 3428 Κ
1183 3375 1193 3448 η

175 3485 208 3533 18
228 3473 299 3534 ἅττα
312 3480 322 3548 ΙΙ
335 3484 371 3533 20
389 3473 470 3532 ταῦτ’
492 3458 576 3532 ἐατέ’
594 3481 652 3550 flu
667 3476 782 3549 μελέτης
795 3475 914 3550 ὑφιέναι
930 3483 1069 3552 μηδεμιᾶς
1082 3483 1128 3538 vel
1142 3501 1190 3552 με·

174 3549 256 3618 λε’την
276 3545 396 3618 ἀφιέναι
415 3550 556 3618 μηδεμίαν
575 3551 812 3606 Hemsterhusius.
