2674 3932
179 190 220 254 18
590 187 780 244 IAMBLIGHI

178 350 330 437 ὑπερέχει
362 356 465 435 λύγου
496 351 552 420 καὶ
585 353 735 429 διανοίας
764 350 820 417 καὶ
851 361 923 427 ταῖς
954 349 1195 436 ἁπλουστέραις

178 458 307 524 τούτων
336 457 558 548 ἐπιβλητιιιαίς
584 447 721 540 νοήσεσι
748 458 789 522 τὰ
816 458 896 522 ὄντα
924 463 1063 542 θεωρεῖ,
1091 455 1132 520 τά
1158 480 1195 550 τε
1230 486 1239 506 ¹

91 569 95 576 '
180 549 291 647 ἀγαθά
318 567 424 650 κρίνει
452 561 509 648 ἀφ’
537 561 656 647 ἑαυτῆς
678 560 733 629 καί
757 562 898 629 ἐπιτελεῖ
919 563 956 629 ἐν
980 562 1094 647 ἑαυτῆ,
1124 573 1193 628 τῶν

179 695 214 736 τε
237 680 369 754 νοητῶν
392 670 482 736 ἐστιν
502 671 578 748 ὄψις
599 666 654 736 καὶ
679 670 820 753 δύναμις
842 680 910 735 τῶν
931 669 1115 734 θειοτάτων
1136 667 1195 734 καὶ

148 778 393 865 στελειοτάτων
426 776 602 858 ἐνεργειῶν
634 776 786 862 ὑπάρχει·
822 783 921 842 τοῦτο
955 769 987 840 δ’
1022 771 1080 858 αὖ,
1113 776 1144 840 εί
1175 775 1195 840 ὁ

179 885 272 968 ἥλιος
295 884 503 967 ὀφθαλμός
525 880 607 948 ἐντι
630 880 695 948 καί
717 883 918 967 μυχάτων
942 882 1066 967 φύσιν
1084 881 1196 966 ἐχόν,

179 1010 267 1056 των·
293 977 436 1075 ὁρῆτάί
454 1010 493 1054 τε
516 989 588 1074 γάρ
612 985 661 1053 δι’
689 989 791 1054 αὐτῶ
819 990 945 1054 πάντα
967 986 1032 1054 καὶ
1054 996 1196 1072 γεννῆ-

179 1120 242 1161 ται
265 1093 329 1161 καὶ
352 1103 505 1179 νοῆται,
536 1093 756 1181 ῥιζωθίυτα
783 1093 848 1160 καὶ
875 1091 1125 1179 γενναθέντα
1153 1088 1196 1157 δὲ

180 1202 372 1292 τράφεταί
400 1223 439 1266 τε
470 1199 535 1266 καί
567 1200 724 1281 ἀέξεται
755 1200 819 1267 καί
856 1205 1080 1287 ζωπυρῆται
1114 1193 1192 1285 μετ’
1276 1203 1279 1210 “

142 1308 405 1384 ιοαίσθάσιος·
430 1308 533 1392 δῆλόν
555 1328 622 1373 που
644 1304 699 1372 καὶ
727 1307 791 1372 άπὸ
819 1309 948 1374 τούτων
975 1309 1123 1391 γίγνεται
1150 1306 1196 1382 ὡς

181 1414 358 1498 ὀφθαλμός
380 1413 449 1478 ἐστι
471 1411 526 1479 καὶ
550 1414 613 1496 ζωὴ
641 1423 709 1479 τῶν
731 1425 860 1500 νοερῶν
882 1413 903 1499 ῆ
932 1415 1052 1497 σοφία,
1079 1409 1134 1478 καὶ
1156 1412 1194 1476 τὸ

181 1519 326 1603 ὁρᾶσθαι
357 1529 427 1596 τοῖς
457 1518 655 1603 νοουμένοις
688 1518 822 1606 παρέχει
852 1528 932 1585 πᾶσι
959 1517 1014 1586 καί
1043 1520 1080 1584 τὸ
1109 1513 1195 1610 εἶναι
1211 1537 1274 1579 m⁴

179 1635 250 1702 τοῖς
272 1620 363 1707 οὖσι,
394 1626 611 1711 δημιουργίας
633 1649 668 1692 τε
691 1627 799 1710 πάσης
822 1625 965 1712 άρχηγδς
986 1627 1136 1710 γίγνεται
1159 1623 1196 1690 ἐν

180 1732 226 1820 τῷ
249 1734 361 1822 κόσμῳ
384 1729 440 1798 καὶ
462 1719 649 1816 γεννήσεως
671 1741 729 1816 τῆς
751 1733 882 1818 πρώτης
904 1728 959 1796 καὶ
982 1731 1117 1814 τάξεως,
1139 1728 1195 1797 καί
1239 1731 1242 1736 ’

143 1857 169 1898 ιι
183 1839 225 1921 δὴ
256 1836 312 1903 καὶ
343 1838 381 1904 ἐν
407 1838 488 1921 ἡμῖν
516 1839 682 1924 ὡσαύτως.
728 1839 790 1921 τὴν
821 1839 862 1922 δὴ
894 1839 1052 1921 τοιαύτην
1078 1860 1113 1903 τε
1140 1834 1195 1902 καί
1312 1869 1313 1943 χ

180 1945 347 2027 τοσαύτην
376 1946 486 2009 αίτίαν
512 1942 569 2009 καί
596 1953 740 2010 τοσαῦτα
767 1943 878 2029 ἀγαθά
907 1942 1118 2030 παρέχουσαν
1143 1943 1193 2018 τίς
1208 1962 1273 2003 ιοιε

182 2049 244 2114 οὐκ
264 2048 307 2114 ἂν
325 2051 405 2134 μετά
427 2051 570 2136 μεγάλης
593 2052 743 2135 σπονδῆς
765 2050 923 2137 μεταθέοι
942 2049 984 2117 δν
1001 2049 1193 2135 προθύμως,

181 2158 386 2241 βουλόμενος
417 2165 473 2240 τῆς
505 2145 640 2243 ἀρίστης
671 2157 885 2242 εὐδαιμονίας
914 2155 1192 2242 μεταλαμβάνεινς
1310 2207 1311 2242 ,

266 2256 312 2326 Ἡ
334 2257 396 2347 μὲν
429 2257 492 2328 οὖν
524 2263 587 2328 άπὸ
621 2273 682 2329 τοῦ
714 2267 825 2350 τίμιον
858 2259 945 2330 είναι
977 2263 1039 2347 τῆν
1071 2264 1195 2347 σοφίαν
1309 2291 1310 2342 χ

122 2359 124 2366 ’
142 2389 169 2428 20
181 2377 346 2455 προϊοῦσα
361 2349 407 2447 είς
423 2371 616 2455 προτροπὴν
635 2372 759 2455 ἔφοδός
777 2371 846 2438 ἐστι
864 2371 1012 2453 τοιαύτη,
1031 2369 1052 2455 ἡ
1076 2367 1114 2435 δὲ
1132 2368 1195 2435 άπὸ

182 2483 242 2540 τοῦ
261 2477 366 2553 ὅντως
385 2475 569 2562 ἀνθρώπου
586 2475 885 2562 ὑπομιμνῄσκουσα
907 2484 964 2560 τῆς
983 2472 1035 2541 ἐπὶ
1053 2476 1093 2539 τὰ
1112 2475 1195 2540 αὐτὰ

183 2591 373 2667 προτροπῆς
396 2583 452 2646 διά
473 2594 541 2648 τῶν
565 2579 638 2665 ἑξῆς
661 2581 883 2648 ἐπιδείκνυται
905 2592 973 2646 τῶν
992 2581 1081 2647 ούτω
1103 2586 1195 2666 λεγο-
1307 2627 1308 2630 ¹

182 2685 309 2772 μένων·
347 2687 578 2772 (ἄνθρωπος
612 2688 770 2755 πάντων
808 2685 915 2777 ζῴων
952 2684 1013 2753 ἐπὶ
1049 2689 1196 2753 πολλὸν

182 2791 322 2876 γέγονε
351 2793 593 2878 σοφώτατος·
624 2799 829 2881 θεωρῆσαί
857 2805 899 2860 τε
927 2796 1000 2878 γὰρ
1028 2795 1196 2869 δυνατός

148 2899 270 2965 ιὸἐντι
305 2900 350 2964 τδ
387 2899 503 2965 ἐόντα
538 2899 603 2967 καὶ
641 2902 856 2985 ἐπιστάμαν
892 2899 957 2966 καὶ
994 2904 1194 2986 φρύνασιυ

183 3001 302 3088 λαβδν
338 3005 469 3071 αὐτῶν
505 3007 698 3074 ἁπάντων.
748 3008 849 3094 παρὸ
885 3006 950 3073 καί
987 3006 1198 3094 ἐνεχάραξε

183 3109 261 3193 [καὶ
280 3110 564 3196 ἐπεσημήνατο]
588 3115 632 3180 τὸ
652 3121 769 3180 θεῖον
792 3114 894 3203 αὐτῷ
918 3116 960 3179 τὸ
983 3125 1033 3179 τῶ
1052 3113 1196 3188 παντὸς

182 3220 283 3301 λόγω
322 3219 513 3303 σύσταμα,
550 3219 591 3285 ἐν
624 3211 650 3308 ᾧ
686 3221 731 3284 τά
766 3243 805 3286 τε
842 3221 950 3286 είδεα
986 3222 1111 3309 πάντα
1148 3229 1195 3284 τῶ

273 3415 287 3463 7
312 3411 447 3476 γεννᾶται
469 3411 479 3479 ΙΙ
502 3415 517 3464 9
542 3429 572 3464 τε
595 3412 661 3479 post
683 3409 821 3480 τράφεται
844 3411 954 3481 traieci3
982 3414 1026 3468 est
1048 3412 1078 3466 in
1102 3411 1195 3480 codiee

182 3480 248 3546 post
266 3475 381 3544 ἀέξεται
398 3483 408 3550 ΙΙ
426 3485 460 3533 25
481 3475 539 3534 ἐντι
556 3480 594 3534 K:
614 3477 672 3534 ἐστι
685 3482 695 3550 n
708 3487 742 3536 26
761 3481 847 3554 λαβδν
867 3482 935 3539 Gale
954 3502 982 3553 p.
999 3489 1063 3538 ⁷³3:
1082 3478 1168 3556 λάβεν
1185 3481 1194 3553 Η

184 3555 217 3602 27
238 3549 287 3603 καὶ
306 3546 503 3619 ἐπεσημήνατο
523 3550 630 3605 delevit
642 3551 754 3605 Vitelli.
