2670 3932
452 207 728 265 PROTREPTICUS
747 211 781 279 (ο.
797 209 881 279 XXI).
1060 227 1070 246 ⁴
1110 211 1173 277 119

158 368 342 452 ἀσωμάτων
366 369 465 457 οὐσίᾳ
482 378 522 454 τῇ
542 369 604 436 οὐκ
622 372 713 436 ἔστιν
731 371 787 438 ὅτε
807 370 882 456 οὐχὶ
901 371 1031 450 ἑαυτοῖς
1049 373 1174 457 ὁμοίων

160 476 402 541 διατελούντων
421 476 477 541 διά
494 476 556 560 την
575 476 829 563 ἐνυπάρχουσαν
848 477 961 556 αὐτοῖς
977 479 1078 563 φύσει
1096 479 1174 564 ἀλη-

139 587 258 668 ,θειαν
280 580 336 648 καὶ
360 583 596 649 ἀδιαπτωσίαν.

70 672 145 768 1⁵3¹}
252 689 297 754 Τὸ
326 686 364 754 δέ
385 690 572 775 χελιδόνα
596 691 702 778 οίκίηι
724 692 773 775 μη
800 689 916 777 δέχου
940 693 1173 776 συμβουλεύει·

160 792 316 882 ῥᾴθυμον
335 795 448 880 καὶμὴ
464 797 624 880 διηνεκῶς
642 803 893 882 φιλοπονοῦντα
913 794 996 883 μηδὲ
1015 797 1201 883 ἐπίμονον5

159 903 347 988 αίρετιστην
374 900 429 967 καὶ
456 904 627 988 γνώριμον
655 905 703 980 είς
728 905 769 968 τά
794 906 837 969 σά
864 905 1011 989 δόγματα
1039 904 1083 988 μη
1107 902 1175 968 ἐπι-

159 1006 275 1093 δέχου,
309 1009 450 1092 δεόμενα
479 1016 641 1093 συνεχοῦς
668 1006 723 1073 καὶ
755 1009 980 1092 εὐτονωτάτης
1010 1018 1176 1092 προσοχῆς

158 1112 215 1178 καὶ
237 1117 438 1200 φερεπονίας
461 1116 518 1180 διά
534 1115 596 1199 την
615 1125 682 1180 τῶν
701 1114 737 1180 ἐν
756 1115 870 1193 αὐτοῖς
888 1117 1049 1181 ποικίλων
1069 1121 1175 1198 μαθη-

70 1240 145 1282 οιοΚ.
160 1221 273 1305 μάτων
300 1220 483 1305 ἐξαλλαγὴν
510 1220 566 1286 καὶ
592 1219 832 1306 περιπλέκειαν.
878 1223 982 1287 είκόνι
1008 1217 1046 1285 δέ
1069 1219 1176 1308 ρᾳθυ-

159 1329 236 1411 μίας
258 1325 314 1392 καὶ
336 1327 477 1412 ἐγκοπῆς
499 1331 630 1413 χρόνων
649 1329 798 1413 χελιδόνι
816 1327 980 1414 κέχρηται,
1004 1328 1054 1392 ότι
1078 1326 1177 1412 μέρος
1192 1347 1216 1386 1⁰

159 1457 190 1499 τι
213 1443 274 1501 τοῦ
297 1433 453 1499 ἐνιαυτοῦ
476 1433 559 1518 αὕτη
581 1433 736 1522 ἐπιφοιτᾷ
759 1435 839 1520 ἡμῖν
858 1433 915 1500 καὶ
933 1433 1056 1500 ὡσανεὶ
1074 1433 1176 1513 ἐπιξε-

159 1549 278 1606 νοῦται
303 1541 387 1625 πρὸς
414 1542 543 1624 βραχὺν
571 1543 704 1625 καιρόν,
732 1541 769 1605 τὸ
794 1538 831 1606 δὲ
858 1544 974 1607 πλεῖον
999 1540 1177 1624 ἀφίσταται

160 1643 215 1711 καί
238 1645 370 1729 ἀφανὴς
391 1644 471 1728 ἡμῖν
494 1645 642 1729 ὑπάρχει.

102 1757 145 1833 ιβ’
254 1752 299 1816 Τὸ
324 1748 361 1816 δὲ
385 1750 599 1816 δακτύλιον
622 1751 671 1835 μὴ
690 1752 807 1837 φόρει
825 1751 1020 1828 ἀκολούθως
1039 1751 1085 1839 τῷ
1105 1756 1177 1816 Πυ-

160 1865 332 1946 θαγορικῷ
357 1855 531 1943 ἀρέσκοντι
559 1855 697 1942 ἕλκομεν
725 1857 773 1935 είς
799 1858 861 1942 την
888 1857 1096 1943 παράκλησιν
1120 1857 1175 1922 οῦ-
1192 1875 1217 1916 ιτ

160 1985 237 2042 τως·
270 1963 340 2030 ἐπεὶ
369 1966 493 2051 δεσμοῦ
520 1967 631 2052 τρόπφ
659 1966 840 2050 περίκειται
866 1974 936 2041 τοῦς
964 1972 1131 2049 φοροῦσιν
1160 1964 1177 2030 ὁ

162 2073 351 2155 δακτύλιος,
380 2073 469 2137 λδιον
497 2074 582 2157 ἐχων
607 2073 645 2136 τὸ
672 2071 717 2156 μὴ
746 2072 860 2157 ἀγχειν
888 2067 972 2156 μηδὲ
1002 2081 1178 2156 κακουχεῖν

162 2176 244 2241 ἀλλά
270 2199 342 2254 πως
369 2177 522 2261 ἁρμόζειν
554 2176 610 2242 καὶ
636 2188 820 2262 προσφυῶς
850 2179 954 2261 ἐχειν,
988 2178 1109 2261 δεσμὸς
1141 2173 1178 2242 δὲ

160 2285 312 2360 τοιοῦτός
339 2306 389 2359 τις
417 2280 471 2347 καὶ
497 2284 535 2347 τὸ
563 2293 658 2366 σῶμα
685 2291 724 2368 τῇ
752 2291 842 2368 ψυχῇ
865 2283 1020 2368 ὑπάρχει,
1048 2285 1086 2348 τὸ
1116 2276 1178 2347 οὖν

163 2390 376 2455 δακτύλιον
404 2388 453 2473 μη
483 2392 600 2474 φόρει
632 2390 812 2473 φιλοσόφει
840 2385 945 2473 φησὶν
973 2388 1018 2465 ὡς
1045 2387 1180 2473 ἀληθῶς
1194 2407 1220 2446 2⁰

72 2515 147 2560 151A.
161 2495 217 2562 καὶ
234 2498 351 2582 χύριζε
369 2504 430 2561 τοῦ
448 2493 679 2580 περικειμένου
697 2495 823 2579 δεσμοῦ
839 2495 900 2578 την
919 2496 1042 2579 ψυχήν·
1062 2491 1179 2579 μελέτη

161 2605 225 2689 γάρ
239 2604 392 2669 θανάτου
410 2600 465 2668 καὶ
483 2602 650 2687 χωρισμὸς
668 2609 775 2685 ψυχῆς
794 2599 857 2665 ἀπὸ
877 2600 1027 2684 σώματος
1044 2598 1180 2684 ἡφιλο-

162 2713 275 2795 σοφία.
320 2711 381 2794 την
400 2710 464 2794 ἀρα
483 2708 728 2793 Πυθαγορικὴν
751 2704 863 2791 μέτιθι
889 2707 1020 2792 σπουδῇ
1043 2705 1180 2790 μεγάλῃ,

163 2817 224 2900 την
256 2815 444 2899 ἀφιστᾶσαν
476 2814 597 2899 ἑαυτὴν
626 2816 681 2880 διά
708 2822 770 2879 τοῦ
796 2822 861 2879 νοῦ
889 2812 952 2878 ἀπὸ
983 2823 1180 2897 σωματικῶν

164 2901 299 2986 πάντων
321 2918 377 2984 καὶ
399 2917 475 3005 περὶ
497 2922 537 2985 τά
560 2923 664 3004 νοητά
687 2918 742 2986 καὶ
770 2921 855 2986 ἀυλα
879 2921 935 2984 διά
957 2929 1025 2984 τῶν
1050 2926 1180 3002 θεωρη-
1194 2937 1220 2977 ετ

163 3038 265 3093 πικῶν
293 3024 499 3111 μαθημάτων
526 3024 824 3112 καταγιγνομένην·
857 3025 940 3090 ἀλλά
971 3022 1025 3090 καὶ
1057 3024 1181 3090 ἀπόλυε

164 3141 291 3199 σαυτοῦ
318 3133 358 3196 τά
386 3130 600 3216 ἁμαρτήματα
627 3130 682 3196 καὶ
710 3131 861 3196 ἀνθολκά
888 3127 944 3194 καὶ
974 3133 1181 3216 κωλυσιεργά

73 3260 149 3302 ουτω.
164 3249 225 3306 τοῦ
253 3243 454 3324 φιλοσοφεῖν
481 3237 604 3322 σαρκὸς
631 3235 841 3321 ἀσχοληματα
869 3235 997 3322 τροφάς
1020 3259 1055 3301 τε
1082 3236 1182 3322 ὑπερ-

165 3346 354 3430 βαλλούσας
375 3342 430 3408 καὶ
453 3343 635 3428 πληθώρας
658 3342 826 3428 ἀκαίρους,
852 3343 976 3429 δεσμοῦ
999 3345 1124 3428 τρόπον
1144 3345 1181 3409 τὸ

257 3580 269 3628 1
290 3575 323 3643 τῇ
343 3571 442 3647 (τῶν)
461 3567 513 3628 ούκ
532 3572 558 3625 Κ
571 3574 581 3643 ΙΙ
594 3578 628 3628 2⁷
648 3566 807 3628 ἀνθουλιιά.
