2670 3932
433 229 708 287 Ρωονετεωοοε
728 233 761 299 (ε.
776 228 872 298 Χιιι).
1117 227 1160 292 85

143 397 240 460 στίαν
262 416 297 458 τε
319 391 374 458 καλ
398 396 516 478 λήθην.
558 395 661 458 ταῦτα
680 391 829 468 ἐπιεικῶς
852 388 913 474 μέν
937 388 1027 456 ἐστιν
1045 390 1111 455 ὑπό
1129 415 1161 455 τι

143 502 258 583 ἀτοπα,
283 500 382 583 δηλοῖ
397 501 463 584 μήν
483 499 500 564 ὃ
522 499 585 581 ἐγὼ
604 499 770 582 βούλομαι
788 495 1012 580 ἐνδείξασθαι,
1035 497 1079 573 ὡς
1097 497 1160 582 χρή

52 625 129 666 εοοΚ.
145 604 353 691 μεταθέσθαι
375 605 440 671 ἀπὸ
463 614 524 669 τοῦ
547 604 721 688 ἀπλήστως
742 601 798 669 καλ
817 601 1005 679 ἀκολάστως
1028 604 1161 686 ἔχοντος

143 716 220 795 βίου
248 710 301 778 ἐπὶ
328 713 388 777 τὸν
416 713 561 796 κοσμίως
589 709 645 776 καλ
671 721 741 787 τοῖς
769 707 819 774 ἀεὶ
846 717 1012 795 παροῦσιν
1041 708 1161 784 λκανῶς

143 817 198 884 καλ
222 817 449 905 ἐξαρκούντως
472 820 590 902 ἔχοντα
614 819 701 901 βίον,
724 814 779 881 καὶ
802 818 982 881 πείθεσθαι
1005 814 1187 897 εὐδαιμοσ

143 923 322 1012 νεστέρους
346 919 432 989 εἶναι
455 925 535 1000 τοὺς
557 925 717 1007 κοσμίους
738 933 807 988 τῶν
831 921 1033 987 ἀκολάστων.
1079 917 1160 1003 φέρε

145 1032 187 1114 δή
207 1025 269 1096 οὖν
288 1028 343 1096 καλ
361 1030 466 1113 ἀλλην
486 1031 598 1094 είκόνα
617 1033 698 1095 είπω
717 1028 754 1094 ἐκ
772 1037 832 1094 τοῦ
850 1028 955 1093 αὐτοῦ
973 1029 1160 1111 γυμνασίου

140 1138 205 1220 ’τήν
227 1145 302 1212 νῦν.
348 1138 462 1200 σκόπει
490 1137 553 1221 γάρ
580 1136 612 1200 εί
632 1136 764 1200 τοιόνδε
788 1137 881 1200 δοκεῖ
901 1131 977 1219 περὶ
999 1141 1060 1198 τοῦ
1083 1135 1160 1216 βίου

144 1241 311 1328 ἑκατέρου,
335 1251 396 1307 τοῦ
414 1265 448 1306 τε
467 1242 644 1328 σώφρονος
665 1239 720 1307 καὶ
737 1250 799 1306 τοῦ
818 1240 1014 1323 ἀκολάστου,
1039 1229 1113 1304 οἷον
1131 1239 1162 1303 εί

144 1350 242 1413 δυοῖν
266 1346 407 1432 ἀνδροῖν
431 1345 572 1434 ἑκατέρω
596 1350 694 1412 πίθοι
717 1345 836 1412 πολλοὶ
855 1341 932 1430 είεν,
956 1344 1074 1432 καὶτῷ
1099 1341 1160 1429 μὲν
1175 1361 1201 1400 10

144 1452 243 1541 ἑτέρω
268 1453 374 1537 ὑγιεῖς
401 1451 456 1517 καλ
484 1456 632 1538 πλήρεις,
661 1452 678 1518 6
708 1449 769 1536 μὲν
798 1457 894 1518 οίνου
922 1451 940 1517 6
965 1448 1002 1516 δὲ
1030 1451 1160 1532 μέλιτος

56 1558 162 1624 ρεαδ
187 1557 224 1624 δὲ
249 1558 412 1642 γάλακτος
439 1555 494 1622 καὶ
522 1559 617 1622 άλλοι
644 1556 762 1623 πολλοὶ
789 1562 937 1638 πολλῶν,
966 1557 1095 1640 νάματα
1123 1553 1160 1621 δὲ

146 1664 269 1728 σπάνια
291 1661 347 1727 καλ
370 1663 495 1746 χαλεπὰ
519 1659 659 1726 ἑκάστου
681 1663 810 1726 τούτων
833 1667 882 1745 είη
902 1659 958 1725 καὶ
981 1663 1061 1744 μετά
1081 1666 1160 1726 πολ-

145 1773 214 1833 λῶν
245 1769 360 1832 πόνων
396 1765 451 1832 καὶ
482 1772 634 1851 χαλεπῶν
668 1767 915 1851 ἐκποριζόμενα·
953 1765 972 1831 6
1004 1764 1066 1850 μὲν
1098 1761 1161 1832 οὖν

144 1873 255 1961 ἕτερος
281 1874 541 1961 πληρωσάμενος
568 1875 648 1958 μήτε
677 1873 865 1957 ἐποχετεύοι
892 1870 979 1958 μηδέ
1001 1895 1033 1937 τι
1056 1897 1160 1959 φρον-
1175 1889 1200 1930 1⁵

143 1985 240 2065 τίζοι,
269 1978 340 2046 ἀλλ’
368 1981 464 2046 ἕνεκα
491 1980 620 2045 τούτων
646 1979 790 2064 ήσνχίαν
817 1982 899 2064 ἔχοι·
926 1988 971 2068 τῷ
1002 1976 1032 2045 δ’
1060 1978 1159 2068 ἑτέρῳ

143 2084 267 2170 τὰμὲν
290 2087 432 2171 νάματα,
458 2088 567 2170 ὥσπερ
590 2086 646 2152 καλ
670 2086 800 2174 έκείνςο,
830 2087 957 2151 δυνατά
982 2083 1043 2169 μέν
1065 2089 1160 2171 πορί-
1190 2149 1195 2155 ,

147 2197 261 2271 ζεσθαι
274 2249 275 2254 ,
289 2198 354 2275 εῖη,
387 2194 511 2275 χαλεπά
538 2190 590 2275 δέ,
622 2195 663 2257 τά
691 2191 727 2258 δὲ
756 2192 870 2276 ἀγγεῖα
898 2190 1079 2279 τετρημένα
1105 2191 1161 2257 καὶ

145 2298 268 2384 σαθρά,
293 2296 507 2379 ἀναγκάζοιτο
532 2294 569 2362 δὲ
593 2296 643 2361 ἀεὶ
666 2295 721 2362 καλ
738 2298 843 2362 νύκτα
861 2297 916 2362 καλ
933 2295 1060 2381 ήμέραν
1083 2318 1160 2381 πιμ-

144 2403 266 2469 πλάναι
285 2403 379 2485 αύτά,
398 2401 419 2486 ή
438 2403 496 2479 τάς
515 2402 652 2487 ἐσχάτας
671 2407 808 2467 λυποῖτο
828 2404 944 2479 λύπας·
969 2398 1033 2487 ἀρα
1051 2404 1160 2468 τοιού·
1174 2420 1201 2459 20

144 2534 204 2576 του
228 2512 325 2587 ὄντος
347 2517 409 2575 τοῦ
430 2512 519 2593 βίου,
544 2509 605 2574 οὐκ
629 2511 720 2574 ἔσται
742 2507 1036 2593 εὐδαιμονέστερος
1059 2509 1076 2575 6
1100 2519 1160 2575 τοῦ

56 2638 130 2679 κτοις.
144 2619 285 2701 κοσμίου
308 2614 329 2698 ή
351 2623 413 2680 τοῦ
432 2614 631 2693 ἀκολάστους
656 2614 675 2680 6
699 2611 760 2700 μὲν
782 2616 845 2700 γάρ
868 2622 914 2703 τῷ
938 2615 983 2692 ὡς
1004 2621 1160 2681 πλεῖστον

145 2723 292 2805 ἐπιρρεῖν
315 2723 381 2804 ἔχει
404 2723 441 2786 τὸ
465 2721 642 2805 εύδαιμον,
672 2719 709 2786 έν
732 2712 758 2807 ᾧ
782 2723 868 2786 πολὺ
894 2721 1020 2806 ἀνάγκη
1043 2721 1098 2787 καὶ
1121 2724 1159 2787 τὸ

145 2828 244 2892 ἀπιὸν
272 2820 359 2891 εἶναι
385 2825 439 2891 καὶ
469 2829 595 2911 μεγάλα
623 2829 702 2892 άττα
729 2829 770 2892 τά
801 2830 947 2912 τρήματα
975 2824 1061 2894 εἶναι
1089 2839 1159 2906 ταῖς

145 2932 285 3018 έκροαῖς,
310 2931 390 3017 ὅπερ
414 2928 515 2997 οὐδὲν
534 2933 615 2997 ἀλλο
635 2930 725 2997 ἐστὶν
743 2933 763 3016 ή
782 2935 966 3020 χαραδριοῦ
983 2958 1059 3000 τινα
1082 2938 1159 3017 βίον
1173 2948 1199 2992 25

146 3040 274 3122 διαζήν·
298 3037 316 3102 6
340 3034 378 3102 δὲ
400 3037 655 3123 πεπληρωμένος
676 3038 813 3117 είσάπαξ
835 3050 902 3104 τῶν
926 3040 1057 3106 οίκείων
1080 3041 1159 3124 ἀγα-

145 3153 219 3212 θῶν
239 3144 404 3230 αὐτάρκης
423 3141 474 3208 ἀελ
493 3143 641 3228 διαμένει
658 3145 765 3210 πάντα
779 3146 840 3210 τὸν
853 3148 985 3230 χρόνον.
1022 3149 1158 3230 τοιαύτη

145 3255 194 3329 τίς
217 3251 286 3317 ἐστι
309 3247 364 3315 καλ
391 3249 412 3332 ή
436 3249 681 3338 ἀρχαιοπρεπής
707 3252 911 3336 παράκλησις
939 3250 991 3317 ἐπὶ
1018 3253 1080 3336 τήν
1101 3262 1159 3336 τῆς

147 3359 264 3442 ἀρετῆς
287 3357 507 3441 ἐπιτήδευσιν.

236 3520 252 3568 8
270 3515 304 3585 τῆ
323 3516 377 3569 νῦν
396 3514 441 3585 ΡΙΙ
456 3520 489 3569 15
508 3512 593 3586 μηδέ]
613 3510 681 3584 μήτε
696 3514 717 3566 Ρ
732 3516 741 3584 11
756 3519 789 3567 21
810 3516 874 3569 ante
895 3508 977 3577 ὄντος
996 3515 1075 3570 addit
1094 3510 1157 3571 ἕκα-

147 3583 229 3656 τὲρον
248 3585 270 3639 Ρ
289 3571 298 3655 ή
316 3591 351 3640 24
370 3581 458 3641 ἀπιὸν
476 3586 538 3639 PA:
558 3580 659 3658 ἀβιον.’
