2674 3932
188 214 245 302 48Ι
597 210 790 267 IAMBLIOHI

189 378 301 462 ψυχὴν
327 379 489 462 τιμωρίαν
516 374 573 440 καὶ
606 378 663 459 ζῆν
689 373 775 458 ἡμᾶς
804 371 857 440 ἐπὶ
887 372 1021 439 κολάσει
1050 374 1203 457 μεγάλων
1218 392 1290 433 ιοοιτ

188 493 292 549 τινῶν
324 483 573 568 ἁμαρτημάτων.
618 482 708 546 πάνυ
740 481 803 565 γάρ
833 479 853 563 ἡ
882 477 1031 558 σύζευξις
1062 482 1203 568 τοιούτῳ

189 587 257 654 τινὶ
280 593 366 655 ἔοικε
389 590 472 676 πρὸς
494 589 531 654 τὸ
555 597 649 672 σῶμα
671 595 730 670 τῆς
751 594 882 670 ψυχῆς,
909 587 1019 671 ὥσπερ
1038 587 1102 670 γὰρ
1125 589 1204 664 τοὺς

190 695 228 761 ἐν
250 704 290 780 τῇ
317 697 487 782 Τυρρηνίᾳ
516 693 599 779 φασι
627 696 818 778 βασανίζειν
839 693 999 768 πολλάκις
1027 694 1108 769 τοὺς
1134 692 1205 758 ἁλι-

164 800 376 887 ισκομένους
407 801 717 888 προσδεσμεύοντας
748 794 819 865 κατ’
852 799 991 881 ἀντικρύ
1025 809 1095 875 τοῖς
1128 802 1205 878 ζῶσι

189 911 330 992 νεκροὺς
355 909 632 994 ἀντιπροσώπους
659 907 799 973 ἕκαστον
827 907 911 990 πρὸς
937 905 1078 971 ἕκαστον
1106 904 1206 992 μέρος

190 1017 516 1100 προσαρμόττοντας,
550 1014 656 1091 οὕτως
683 1017 792 1078 ἔοικεν
819 1012 840 1096 ἡ
868 1014 958 1097 ψυχὴ
992 1013 1205 1083 διατετάσθαι

191 1118 245 1186 καὶ
272 1126 583 1207 προσκεκολλῖχσθαι
610 1129 690 1187 πᾶσι
719 1131 789 1197 τοῖς
817 1121 1025 1204 αίσῦητικοῖς
1051 1129 1113 1186 τοῦ
1142 1121 1206 1186 σύ-

192 1249 294 1311 ματος
316 1225 458 1310 μέλεσιν.
503 1223 605 1292 οὐδὲν
629 1222 692 1293 οὖν
714 1232 813 1292 θεῖον
834 1225 856 1309 ἢ
879 1226 1043 1311 μακάριον
1064 1226 1206 1312 ὑπάρχει

153 1357 178 1396 ιο
191 1343 261 1409 τοῖς
279 1331 483 1419 ἀνθρώποις,
506 1335 593 1417 πλὴν
612 1332 720 1399 ἐκεῖνό
743 1357 781 1418 χε
803 1335 911 1418 μόνον
928 1333 1023 1410 άξιον
1047 1334 1205 1417 σπονδῆς,

192 1439 274 1504 ὅσον
306 1438 397 1505 ἐστὶν
429 1439 466 1505 ἐν
493 1440 574 1524 ἡμῖν
601 1450 664 1507 νοῦ
691 1439 746 1506 καὶ
774 1441 982 1525 φρονήσεως·
1015 1448 1113 1525 τοῦτο
1142 1441 1206 1525 γάρ

192 1549 299 1630 μόνον
321 1549 430 1613 ἔοικεν
453 1542 540 1614 εἶναι
562 1557 630 1612 τῶν
648 1544 818 1634 ἡμετέρων
837 1545 1008 1612 ἀθάνατον
1026 1544 1082 1612 ιιαι
1101 1548 1207 1630 μόνον

191 1659 299 1718 θεῖον.
336 1651 391 1719 καὶ
413 1656 503 1741 παρὰ
524 1655 562 1719 τὸ
585 1663 643 1738 τῆς
665 1655 827 1738 τοιαύτης
843 1653 1015 1737 δυνάμεως
1038 1653 1208 1718 δύνασθαι

191 1771 378 1844 κοινωνεῖν,
397 1765 514 1847 καίπερ
533 1761 614 1826 pvb
633 1763 706 1845 βίος
724 1761 844 1836 άῦλιος
862 1761 963 1842 φύσει
980 1758 1037 1824 καὶ
1054 1763 1206 1844 χαλεπός,
1323 1775 1324 1782 ’

153 1889 178 1928 ιι
192 1865 281 1950 ὅμως
303 1868 410 1944 οὕτως
432 1865 642 1955 ᾠκονόμηται
664 1865 855 1952 χαριέντως,
882 1868 966 1932 ὥστε
989 1867 1102 1932 δοκεῖν
1125 1868 1208 1953 πρὸς

191 1974 232 2037 τά
251 1974 334 2038 άλλα
352 1976 437 2039 θεὸν
456 1967 541 2039 εἶναι
563 1975 624 2039 τὸν
644 1975 837 2059 άνῦρωπον.
880 1971 910 2038 6
929 1982 1011 2050 νοῦς
1028 1975 1092 2059 γάρ
1110 1973 1206 2058 ἡμῶν
1222 1985 1296 2026 1³81<

193 2078 210 2144 6
233 2079 338 2162 θεός,
361 2086 426 2145 εῖτε
449 2075 644 2165 Ἑρμότιμος
667 2086 731 2145 είτε
750 2074 972 2166 Ἀναξαγόρας
995 2075 1066 2146 εἷπε
1094 2089 1205 2164 τοῦτο,
1222 2092 1283 2132 ΜΔ·

193 2182 248 2250 καὶ
277 2185 328 2250 ότι
356 2185 386 2252 ‘6
416 2187 541 2272 θνητὸς
573 2188 657 2252 αἰὼν
690 2185 789 2274 μέρος
819 2189 885 2271 ἔχει
914 2193 1001 2253 θεοῦ
1028 2187 1141 2263 τινος’.
1187 2187 1208 2271 ἢ

194 2292 443 2378 φιλοσοφητέον
471 2289 534 2361 ούν
560 2293 582 2377 ἢ
605 2297 734 2382 χαίρειν
761 2295 893 2359 εἰποῦσι
920 2301 966 2381 τῷ
991 2296 1049 2376 ζῆν
1073 2292 1208 2359 ἀπιτέον

153 2421 180 2460 ιο
193 2398 367 2482 ἐντεῦθεν,
398 2402 443 2477 ὡς
469 2403 510 2466 τά
538 2403 620 2466 άλλα
648 2425 686 2485 γε
712 2400 820 2466 πάντα
847 2403 997 2485 φλυαρία
1023 2422 1074 2478 τις
1101 2402 1209 2466 ἔοικεν

194 2499 280 2570 εἶναι
303 2507 408 2590 πολλὴ
431 2505 487 2572 καὶ
509 2513 619 2592 λῆρος.

284 2613 399 2690 Οὕτως
431 2614 474 2677 άν
504 2637 554 2689 τις
585 2613 643 2688 τὰς
675 2611 738 2677 άπὸ
771 2623 839 2676 τῶν
869 2613 1037 2696 <κοινῶν>
1065 2613 1210 2681 ἐννοιῶν

194 2718 340 2803 ἐφόδους
358 2718 688 2803 σογκεφαλαιύσαιτο
709 2719 852 2796 δεόντως
870 2720 918 2796 είς
935 2721 1129 2806 προτροπὴν
1147 2730 1209 2786 τοῦ
1320 2735 1321 2761 ¹

195 2824 267 2888 δεῖν
290 2829 493 2908 φιλοσοφεῖν
516 2831 729 2910 θεωρητικῦς
750 2822 805 2891 καὶ
829 2828 887 2908 ζῆν
911 2827 962 2891 ότι
984 2827 1126 2912 μάλιστα
1148 2829 1209 2892 τὸν
1319 2911 1320 2920 χ

154 2950 180 2990 ιι
194 2923 265 2994 κατ’
291 2929 473 3014 ἐπιστήμην
495 2928 550 2996 καὶ
572 2931 632 2996 τὸν
655 2941 716 2997 τοῦ
738 2940 802 2996 νοῦ
825 2935 910 3016 βίον.
1319 2937 1320 2940 ’

284 3119 445 3178 Ὶέοικεν
430 3143 448 3192 η
468 3122 545 3192 ψυχὴ
564 3123 753 3179 διατετάσθαι
771 3125 841 3206 κτλ]
860 3124 895 3183 cf
914 3123 1049 3181 Themist.
1068 3140 1113 3194 ap.
1130 3123 1208 3180 Stob.
1318 3163 1319 3184 ;

194 3195 267 3250 Flor.
287 3193 361 3249 CXX
374 3202 408 3250 28
427 3193 600 3282 (IVp.108‚
614 3200 719 3286 25sqq
733 3193 828 3263 Mein)
846 3198 856 3266 fl
876 3203 978 3284 lssqq.
998 3195 1032 3250 cf
1051 3143 1153 3251 Νάιιοιι
1171 3197 1208 3250 ad
1318 3185 1319 3212 ¹

194 3266 289 3333 Eurip
303 3266 337 3320 fr.
354 3271 434 3321 1007.
454 3285 469 3318 ο
489 3286 557 3328 νονς
570 3237 653 3334 χόιρ
640 3267 719 3335 ημῶν
734 3261 809 3320 ἔστιν
824 3261 886 3322 ἐν’
872 3264 980 3339 εκάστω
994 3263 1088 3336 θεόςΙΙ
1104 3273 1136 3323 18
1147 3284 1208 3335 sqq

195 3337 229 3390 οι.
248 3335 367 3404 infrap.
383 3341 425 3404 60,
441 3341 527 3404 ῖοηη.

284 3509 464 3576 4Τυρρηνία
482 3509 520 3562 A:
544 3511 681 3595 τνραννία
702 3511 713 3578 ΙΙ
735 3515 752 3563 5
775 3506 845 3578 πρὸς
865 3505 965 3582 άντικρ
967 3508 984 3568 ιι
1003 3515 1088 3583 Bone,
1113 3515 1208 3570 ιιεεοιο

194 3577 269 3631 unde
282 3579 292 3645 Η
306 3583 321 3630 ’λ
336 3548 526 3631 διαδεδόσθαι
545 3580 574 3630 et
588 3582 621 3630 16
636 3574 725 3647 άλοχα
739 3579 838 3634 Vitelli
851 3582 861 3650 fl
874 3587 908 3636 22
927 3584 1030 3638 κοινῶν
1049 3553 1161 3640 addidit
1174 3585 1209 3640 Κ.
