2674 3932
396 185 667 242 PROTREPTICUS
687 189 721 255 (ο.
736 187 795 243 XII.
810 187 894 256 XIII).
1107 187 1147 250 61

138 348 239 436 χωρὶς
269 348 376 432 πάσης
407 349 521 431 λύπης.
572 347 677 425 οὕτως
704 343 766 413 οὖν
794 347 941 424 ἐπιόντες
968 350 1015 426 είς
1041 357 1150 414 πᾶσαν

139 457 356 540 εὐδαιμονίαν
378 454 576 539 εὑρίσκομεν
598 452 678 538 ἡμῖν
701 456 975 538 συμβαλλόμενον
997 455 1035 520 τὸ
1056 459 1151 539 φιλο-

139 571 272 646 σοφεῖν·
296 562 411 645 διόπερ
431 560 534 625 αὐτοῦ
553 559 856 644 ἀντιλαμβάνεσθαι
875 557 968 638 ἀξιον
986 560 1031 636 ὡς
1049 575 1151 625 σπου-

140 667 317 733 δαιοτάτου
339 663 395 730 καὶ
417 665 557 750 μάλιστα
580 665 660 749 ημῖν
682 668 916 750 προσήκοντος.

228 771 318 838 XIII.
364 773 408 836 Εί
434 767 471 836 δέ
499 769 630 836 δεῖκαὶ
659 771 722 836 ἀπὸ
749 782 816 837 τῶν
843 769 918 855 περὶ
950 775 1177 855 φιλοσοφίαςι

140 878 281 944 ἐννοιῶν
303 879 513 961 ποιήσασθαί
539 899 614 942 τινα
641 875 695 942 ἐπὶ
721 885 819 943 τοῦτο
844 876 1069 962 παράκλησιν,
1099 883 1151 942 δθι

141 985 182 1068 δη
209 982 264 1049 καὶ
292 983 356 1049 ἀπὸ
383 983 512 1049 τούτων
539 980 731 1067 ἐπέλθωμεν
760 983 889 1048 οὑτωσί.
934 983 1151 1048 κινδυνεύου-

141 1105 196 1155 σιν
228 1091 302 1155 ὅσοι
335 1089 560 1173 τυγχάνουσιν
593 1088 705 1173 ὀρθῶς
740 1089 918 1174 ἁπτόμενοι
950 1092 1152 1174 φιλοσοφίας

140 1194 319 1279 λεληθέναι
346 1197 424 1270 τοὺς
451 1195 587 1275 ἀλλους,
615 1193 666 1258 ότι
693 1191 795 1259 οὐδὲν
817 1195 897 1259 ἀλλο
926 1192 1020 1259 αὐτοὶ
1043 1195 1152 1277 ἐπιτη-

142 1301 300 1366 δεύουσιν
327 1300 348 1384 ἣ
376 1297 604 1385 ἀποθνῄσκειν
630 1322 666 1365 τε
692 1298 748 1364 καὶ
774 1301 943 1366 τεθνάναι.
989 1299 1044 1366 καί
1066 1301 1152 1385 μάλα
1167 1322 1193 1362 ιο

50 1428 127 1469 ποις,
142 1407 282 1484 εἰκότως.
332 1405 454 1489 λέληθε
485 1407 548 1490 γάρ
579 1408 659 1482 τοὺς
689 1408 834 1483 πολλοὺς
864 1398 885 1492 ᾖ
916 1429 952 1472 τε
980 1413 1153 1472 θανατωσι

139 1511 195 1577 καὶ
227 1503 248 1596 ᾗ
277 1509 366 1589 ἀξιοί
376 1507 380 1516 ’
395 1512 459 1576 είσι
489 1511 642 1576 θανάτου
672 1508 729 1575 καὶ
761 1511 835 1576 οἴου
866 1511 1018 1578 θανάτου
1049 1514 1084 1578 οί
1108 1515 1153 1590 ὡς

140 1617 277 1700 ἀληθῶς
299 1618 490 1700 φιλόσοφοι.
516 1615 682 1692 ’θάνατος
704 1611 765 1699 μὲν
789 1611 851 1681 οὖν
874 1615 964 1682 ἐστιν
987 1609 1057 1683 οὐκ
1071 1620 1152 1684 ἀλλο

140 1748 173 1789 τι
201 1722 222 1806 ἢ
249 1722 270 1806 ἡ
298 1731 356 1805 τῆς
382 1730 491 1807 ψυχῆς
518 1720 581 1786 ἀπὸ
609 1730 670 1786 τοῦ
697 1721 847 1805 σώματος
878 1721 1065 1813 ἀπαλλαγή,
1097 1721 1153 1788 καὶ

65 1847 127 1891 τοι
142 1832 212 1894 ἐστι
238 1836 337 1894 τοῦτο
369 1829 406 1893 τὸ
437 1827 614 1911 τεθνάναι,
636 1825 746 1912 -χωρὶς
773 1825 834 1912 μὲν
866 1826 929 1892 ἀπὸ
957 1837 1016 1912 τῆς
1046 1838 1154 1913 ψυχῆς
1168 1849 1193 1889 ιι

142 1931 330 2019 ἀπαλλαγὲν
356 1933 437 1999 αὐτὸ
464 1931 543 2000 καθ’
575 1933 655 1999 αὑτὸ
684 1934 721 1998 τὸ
750 1944 844 2017 σῶμα
869 1931 1059 2018 γεγονέναι,
1090 1959 1153 2021 χω-

142 2039 195 2126 ρὶς
222 2037 259 2106 δὲ
285 2041 347 2124 την
373 2041 484 2125 ψυχὴν
510 2049 571 2106 τοῦ
598 2041 748 2125 σώματος
775 2039 1020 2124 ἀπαλλαγεῖσαν
1048 2042 1154 2126 αὐτην

142 2143 222 2212 καθ’
258 2145 364 2230 αὐτην
395 2141 489 2211 εἶναι.
543 2147 665 2212 τούτου
698 2147 739 2230 δη
777 2141 840 2212 οὖν
872 2147 977 2224 οὕτως
1009 2150 1152 2232 ἔχοντος,

143 2255 277 2329 είκότως
300 2254 341 2336 δὴ
366 2251 427 2317 οὐκ
449 2253 519 2316 ἔστι
540 2245 733 2335 φιλοσόφου
761 2250 884 2336 ἀνδρὸς
913 2252 1153 2318 ἐσπουδακέναι

143 2355 220 2442 περὶ
241 2358 299 2434 τὰς
320 2357 445 2440 ἡδονάς
466 2354 673 2439 καλουμένας
694 2357 753 2433 τὰς
774 2357 922 2439 τοιάσδε,
954 2350 1028 2423 οἷον
1051 2361 1153 2426 σίτων
1167 2379 1193 2419 εο

142 2487 177 2528 τε
204 2460 261 2528 καὶ
286 2472 413 2545 ποτῶν,
442 2457 521 2527 οὐδὲ
545 2462 603 2538 τάς
624 2470 692 2526 τῶν
719 2460 942 2545 ἀφροδισίων·
971 2458 1042 2528 ἀλλ’
1073 2461 1152 2530 οὐδὲ

142 2570 201 2648 τὰς
223 2571 324 2646 άλλας
345 2570 403 2645 τάς
425 2565 501 2653 περὶ
522 2568 560 2632 τὸ
584 2577 678 2652 σῶμα
695 2570 875 2653 θεραπείας
898 2568 1051 2652 ἐντίμους
1072 2570 1152 2655 ἡγή-

144 2691 235 2741 σεται
263 2674 281 2740 ὁ
308 2682 473 2757 τοιοῦτος,
502 2665 575 2738 οἷον
604 2673 743 2756 ίματίων
771 2676 1002 2760 διαφερόντων
1023 2678 1154 2760 κτήσεις

144 2779 200 2846 καὶ
222 2780 455 2864 ὑποδημάτων,
478 2778 634 2858 καὶτοὺς
656 2781 778 2859 ἀλλους
799 2784 1053 2867 καλλωπισμοὺς
1074 2786 1153 2860 τοὺς

11 2961 12 2966 η
145 2884 221 2971 περὶ
243 2887 279 2951 τὸ
302 2895 397 2972 σῶμα
416 2885 457 2951 οὐ
474 2894 563 2972 τιμᾷ,
588 2885 732 2970 ἀτιμάζει
751 2883 788 2951 δὲ
810 2889 959 2954 καθόσον
979 2891 1024 2973 μὴ
1047 2891 1152 2974 πολλη
1167 2907 1193 2949 ¹⁶

56 3013 130 3054 ιιειτ
145 2991 271 3077 ἀνάγκη
300 2990 446 3077 μετέχειν
474 2991 593 3058 αὐτῶν.
639 2993 724 3070 ὅλως
751 2994 845 3058 δοκεῖ
868 2993 889 3076 η
916 3003 976 3060 τοῦ
998 2997 1153 3061 τοιούτου

144 3101 349 3184 πραγματεία
382 3099 423 3163 οὐ
454 3096 529 3182 περὶ
560 3099 597 3164 τὸ
630 3109 724 3182 σῶμα
755 3093 856 3183 εἶναι,
888 3099 971 3166 ἀλλὰ
1002 3105 1153 3166 καθόσον

235 3297 259 3345 7.
277 3308 304 3361 p.
320 3296 363 3358 ον,
377 3296 411 3345 29
432 3289 501 3347 Plat.
520 3289 660 3346 Phaedon.
680 3309 706 3360 p.
722 3295 756 3344 64
766 3290 861 3346 Α-θῡ
871 3289 903 3345 D.

189 3534 196 3552 '
234 3473 251 3522 ὁ
269 3467 333 3537 περὶ
348 3468 462 3523 tuentur
476 3467 560 3522 etiam
577 3466 728 3522 summaria
742 3485 769 3537 p.
780 3472 804 3536 4,
814 3471 850 3521 24
863 3470 873 3537 ΙΙ
886 3473 902 3522 6
916 3467 999 3523 τοῦτο
1015 3467 1151 3540 Scaliger:

145 3556 255 3593 τουτον.
